3282 5152
768 466 986 526 --20-

286 665 386 738 iram,
409 662 633 746 voluptatem,
657 661 794 746 gaudia,
819 661 1010 725 discursum
1030 660 1275 746 ,farraginem“
1296 660 1346 722 sui
1363 658 1466 722 libelli

291 771 367 835 iore
403 770 561 835 ostendit.
602 769 768 853 Imprimis
792 790 874 832 vero
898 789 958 832 sua
983 780 1094 832 aetate
1119 767 1284 830 summam
1307 767 1466 831 vitiorum

291 879 426 963 copiam
459 877 599 940 inveniri
632 863 797 939 affirmat:
823 875 962 939 ludendi
995 874 1228 960 cupiditatem,
1254 874 1467 938 insolentiam

291 985 494 1050 aedificandi
519 997 553 1048 et
576 983 744 1069 epulandi.
778 982 841 1046 His
865 982 966 1046 rebus
990 995 1095 1067 poeta
1120 982 1224 1059 addit,
1248 1003 1316 1066 qua
1333 982 1465 1045 ratione

292 1092 415 1157 divites
442 1105 512 1155 tum
541 1092 728 1176 sportulam
753 1088 956 1154 distribuere
986 1091 1194 1160 consuerint3
1230 1100 1408 1173 praetores
1432 1101 1467 1152 et

291 1198 444 1263 tribunos
492 1198 643 1262 similiter
679 1220 720 1262 ac
757 1196 932 1262 libertinos
967 1198 1164 1282 neutiquam
1198 1197 1308 1260 vereri
1352 1196 1465 1259 divitis

289 1307 424 1392 patroni
460 1307 580 1390 „limen
614 1311 770 1369 vexare.“
819 1305 952 1372 Deinde
984 1305 1027 1371 ab
1051 1307 1116 1369 hac
1148 1326 1184 1368 re
1208 1303 1397 1368 deflectens
1421 1303 1465 1366 de

290 1413 436 1477 libertini
461 1415 587 1478 divitiis
611 1427 645 1477 et
680 1414 723 1477 de
760 1413 906 1498 pecunia
929 1415 1121 1499 generatim
1146 1412 1311 1476 disserere
1338 1411 1462 1494 coepit.

292 1520 405 1584 Versu
435 1520 531 1590 Ilia
555 1519 761 1584 diverticulis
777 1519 830 1610 ad
871 1521 1093 1584 intermissam
1119 1519 1305 1583 orationem
1331 1518 1465 1581 rediens

290 1628 464 1712 sportulae
511 1627 781 1692 distributionem
830 1627 927 1691 nobis
974 1627 1159 1713 depingere
1204 1626 1317 1711 pergit
1335 1625 1364 1707 *1
1409 1623 1464 1686 De

289 1757 342 1798 vv.
387 1735 458 1806 127.
502 1737 559 1798 131
602 1757 726 1821 magna
771 1720 935 1799 dissensio
975 1748 1026 1798 est
1073 1736 1161 1798 inter
1198 1735 1289 1797 viros
1333 1733 1462 1796 doctos.

289 1842 595 1924 Hirschfeldius**)
627 1843 764 1928 quidem
799 1855 906 1907 totam
941 1844 1039 1906 istam
1074 1843 1319 1907 versiculorum
1343 1843 1463 1907 seriem

289 1971 350 2013 suo
389 1950 465 2013 loco
505 1952 648 2034 ineptire
687 1950 860 2013 affirmans
900 1971 942 2012 ex
979 1952 1044 2014 hac
1083 1951 1186 2027 satira
1224 1964 1303 2035 post
1341 1974 1372 2015 v.
1401 1953 1461 2015 130

289 2057 412 2120 satirae
436 2057 483 2120 IIl
506 2070 680 2143 tamquam
720 2058 752 2119 in
780 2079 882 2120 suum
913 2057 1027 2121 locum
1066 2059 1350 2142 interponendum
1386 2080 1459 2122 esse

290 2165 448 2228 ostendit.
498 2163 568 2240 Qui
592 2164 729 2250 quidem
753 2186 870 2228 versus
896 2186 1078 2250 quamqam
1103 2167 1129 2228 si
1154 2165 1310 2230 abessent
1332 2187 1351 2226 a
1367 2165 1455 2226 nullo

290 2271 576 2348 desiderarentur,
612 2284 726 2336 tamen
761 2273 840 2336 hinc
888 2293 1025 2337 causam
1070 2294 1187 2335 eorum
1235 2271 1457 2336 eiciendorum

289 2379 397 2462 repeti
432 2401 534 2464 posse
569 2401 741 2465 negamus.
800 2379 919 2443 Omnis
954 2363 1067 2465 igitur
1091 2379 1134 2443 de
1181 2402 1234 2442 vv.
1291 2379 1457 2451 127-131

289 2487 442 2571 quaestio
467 2488 576 2550 redire
602 2509 642 2550 eo
668 2488 745 2550 mihi
770 2487 914 2568 videtur,
949 2501 984 2550 ut
1008 2487 1238 2568 diiudicemus,
1265 2499 1378 2550 utrum
1402 2505 1462 2548 suo

288 2594 366 2657 loco
390 2605 470 2677 apte
494 2594 652 2679 legantur
675 2615 793 2658 necne.
829 2594 946 2680 Atque
970 2595 1183 2659 Heinrichius
1208 2598 1399 2676 (comment.
1416 2594 1461 2656 ad

289 2701 365 2785 Juv.
405 2707 477 2778 sat.)
517 2714 657 2766 auctore
697 2701 879 2765 scholiasta
914 2702 995 2765 istos
1033 2723 1148 2766 versus
1181 2702 1342 2766 artissime
1382 2721 1461 2764 cum

288 2809 444 2893 proxime
488 2808 769 2872 antecedentibus
821 2809 1005 2872 cohaerere
1046 2821 1079 2872 et
1118 2823 1256 2894 poetam
1295 2830 1463 2872 summum

288 2917 452 2979 honorem
477 2918 520 2994 (v.
551 2915 624 2996 117)
661 2915 843 3001 significari
866 2916 1013 2980 voluisse
1037 2916 1147 2981 docet.
1194 2915 1300 2992 Quod
1325 2938 1392 2980 non
1416 2918 1462 2979 ita

289 3044 362 3086 esse
387 3022 489 3087 facile
513 3022 650 3107 probari
674 3043 775 3107 posse
799 3023 944 3085 videtur.
968 3021 1220 3087 Sententiarum
1246 3026 1333 3087 enim
1358 3025 1461 3087 series

288 3152 309 3193 a
332 3153 364 3193 v.
392 3130 451 3200 127
477 3130 641 3214 incipiens
668 3151 743 3194 cum
757 3131 804 3193 eis
816 3129 980 3206 versibus,
993 3133 1050 3216 qui
1074 3131 1228 3216 proxime
1255 3133 1462 3196 antecedunt

290 3241 357 3318 (vv.
383 3236 561 3318 95-126),
598 3258 736 3322 prorsus
772 3259 840 3301 non
878 3239 1050 3315 cohaeret,
1076 3260 1179 3324 quum
1205 3251 1277 3303 tota
1301 3240 1460 3326 narratio,

289 3366 376 3430 quae
435 3366 490 3406 vv.
554 3343 707 3407 95-126
754 3346 979 3422 continentur,
1026 3347 1179 3431 quamvis
1230 3345 1461 3430 compluribus

289 3450 554 3537 digressionibus
578 3452 768 3536 interrupta
790 3474 853 3537 per
870 3474 906 3516 se
923 3454 1090 3538 integram
1103 3453 1308 3539 quaestionis
1326 3466 1462 3538 partem

289 3557 428 3623 efficiat.
475 3558 553 3622 Huc
577 3559 723 3635 accedit,
748 3560 840 3643 quod
863 3560 890 3622 si
914 3580 1042 3637 versus,
1067 3561 1110 3624 de
1135 3560 1256 3646 quibus
1281 3563 1404 3646 agitur,
1428 3563 1461 3623 in

219 3679 221 3683 ’
288 3667 401 3731 medio
427 3667 662 3752 relinquimus,
687 3666 789 3731 facile
814 3669 1044 3752 cognoscitur,
1080 3681 1219 3752 poetam
1250 3669 1284 3731 in
1308 3682 1460 3733 extrema

288 3787 386 3859 parte
418 3773 553 3836 alterius
578 3773 795 3859 quaestionis,
820 3795 908 3858 quae
932 3797 1039 3862 usque
1064 3776 1164 3838 adv.
1194 3777 1254 3838 llo
1278 3777 1459 3860 pertinent,

290 3902 363 3944 eam
389 3881 602 3957 sententiam,
643 3901 745 3965 quam
784 3881 850 3943 iarn
888 3904 943 3945 vv.
984 3884 1024 3946 94
1064 3893 1097 3944 et
1137 3881 1177 3945 95
1229 3884 1272 3947 de
1322 3883 1460 3946 sordido

287 4001 414 4073 nepote
428 3988 559 4073 aperire
593 3999 765 4072 coeperat,
797 3989 863 4052 hoc
895 3989 970 4053 loco
988 4009 1132 4074 pergere
1149 3990 1248 4054 latius
1265 3990 1459 4075 explanare.

289 4093 396 4170 Quod
419 4116 536 4159 verum
560 4116 635 4158 esse
659 4095 761 4160 facile
785 4096 972 4182 intelleges
996 4097 1023 4159 si
1035 4097 1163 4162 haecce
1192 4097 1296 4162 verba
1313 4096 1461 4178 „fercula

355 4345 380 4411 *)
400 4347 473 4400 Haeo
493 4347 597 4400 sirecte
609 4349 785 4415 exposuimus,
805 4354 866 4415 post
875 4365 901 4401 v.
914 4349 1028 4402 llbnon
1037 4347 1136 4402 fortius
1146 4348 1315 4402 incidendum
1326 4357 1461 4416 putamus

342 4435 383 4502 **)
403 4436 515 4490 Hermes
535 4436 611 4489 VHI.
631 4437 692 4492 475.
