3282 5152
746 435 970 528 -2oss-

273 682 391 726 versus
414 661 613 747 gravissime
638 661 774 725 criticos
809 672 1034 736 vexaverunt,
1058 679 1099 724 ac
1123 659 1290 744 permulta
1325 659 1359 722 in
1394 658 1472 721 his

272 780 403 832 tentata
428 779 516 844 sunt,
540 780 577 831 ut
600 767 702 852 plane
727 780 909 851 corruptus
943 767 1040 831 locus
1072 779 1258 830 sanaretur.
1305 765 1471 849 Optime·

273 897 332 939 eos
366 896 386 938 a
420 875 576 940 Vahleno
613 875 812 938 emendatos
851 887 885 938 et
919 873 1098 938 distinctos
1133 893 1207 937 esse
1240 873 1308 936 iam
1340 895 1470 958 supra.

274 982 495 1046 ostendimus.
529 981 637 1046 Poeta
651 983 739 1045 enim
764 982 864 1047 dicit:
898 979 975 1066 „ob
992 1003 1067 1045 earn
1083 981 1295 1067 potissimum
1308 1001 1470 1044 causam.
1513 1033 1516 1036 .

273 1102 368 1154 recte
382 1089 498 1152 vivere
522 1087 639 1166 debes,
665 1101 701 1152 ut
713 1109 889 1153 servorum
913 1088 1046 1174 linguas
1079 1099 1298 1152 contemnere
1322 1088 1454 1172 possis.

273 1196 442 1280 Imprimis
467 1194 527 1260 tibi
551 1197 742 1260 cavendum
777 1208 840 1272 est,
879 1217 921 1261 ne
969 1195 1100 1279 linguas
1139 1215 1314 1259 servorum
1354 1195 1464 1258 nihili.

271 1303 438 1367 aestimes
486 1301 556 1366 Sed
591 1303 696 1366 multo
732 1303 900 1366 deteriore
933 1301 1134 1368 condicione
1158 1303 1185 1365 is
1201 1315 1270 1379 est,
1295 1303 1353 1386 qui
1376 1317 1463 1366 tur-

273 1411 362 1495 piter
398 1408 544 1473 vivendo
574 1411 681 1473 servis
705 1409 846 1473 irrisioni
871 1422 905 1472 et
930 1409 1140 1494 contemptui
1175 1408 1302 1490 erit.“*)
1350 1409 1454 1486 Quid

271 1516 411 1582 tandem
446 1517 525 1591 cst,¹
544 1516 638 1601 quod
668 1517 732 1580 hac
757 1517 790 1578 in
814 1516 975 1579 orationis
1000 1515 1268 1580 conformatione
1293 1517 1449 1581 offendat

266 1605 331 1687 aut
365 1643 656 1705 supervacaneum
701 1644 775 1686 esse
811 1621 987 1686 videatur?
1034 1622 1203 1707 Equidem
1239 1644 1307 1688 non
1341 1625 1454 1689 modo-

273 1731 407 1794 omnino
432 1731 512 1794 nihil
535 1730 721 1804 abundare,
745 1731 806 1794 sed
819 1732 921 1795 etiam
934 1731 1110 1794 scitissime
1123 1742 1261 1814 poetam
1285 1732 1451 1797 orationis

273 1839 385 1901 cursui
422 1837 521 1900 valde
557 1837 697 1900 incitato
730 1825 968 1902 adhortatione
1004 1837 1202 1923 interposita
1233 1837 1445 1902 moderatum

273 1965 346 2008 esse
370 1944 572 2028 affirmo.**)

378 2052 493 2135 Atque
529 2053 594 2114 hoc
628 2052 705 2116 loco
741 2053 843 2116 etiarn
867 2051 909 2114 de
935 2073 975 2114 ea
998 2050 1171 2135 Juvenaiis
1195 2051 1352 2116 ubertate
1375 2073 1450 2116 ser-

272 2159 380 2222 monis
415 2159 535 2242 paucis
570 2157 668 2222 nobis
694 2158 938 2244 disputandum
973 2170 1035 2235 est,
1072 2179 1138 2242 qua
1173 2179 1338 2242 persaepe
1361 2181 1380 2221 a
1402 2179 1438 2221 re

271 2266 448 2350 proposita
484 2264 645 2348 deflectit,
683 2277 720 2328 ut
744 2266 789 2329 ad
819 2287 894 2328 eam
919 2286 1002 2340 rem,
1028 2265 1071 2328 de
1096 2287 1162 2350 qua
1185 2266 1307 2351 agitur,
1329 2287 1446 2350 pauca.

273 2371 408 2436 adiciat.
476 2371 573 2436 Haec
609 2393 677 2436 uno
712 2372 783 2434 fere
824 2393 923 2434 versu
959 2363 1088 2436 inclusa
1118 2393 1181 2457 per
1228 2373 1452 2457 parenthesin.

272 2479 369 2564 quasi
405 2479 620 2562 interponere
657 2479 753 2554 solet,
789 2478 882 2542 velut
917 2480 950 2541 in
983 2481 1107 2542 satirae
1143 2478 1158 2543 I
1191 2501 1246 2542 vv.
1272 2480 1313 2541 48
1339 2494 1374 2544 et
1403 2482 1440 2543 ol

271 2605 374 2649 voces
412 2585 484 2648 illas
526 2586 681 2665 „inanes“
722 2599 755 2649 et
782 2585 1041 2665 „Automedon“
1094 2586 1266 2650 enuntiato
1316 2587 1448 2648 causali

271 2691 388 2756 addito
435 2693 626 2756 accuratius
662 2693 833 2776 explicare
870 2693 993 2756 studet.
1043 2692 1100 2755 Ad
1125 2693 1266 2756 eandem
1300 2713 1443 2755 consue-

270 2799 422 2862 tudinem
458 2799 630 2862 notionem
655 2799 802 2884 aliquam
834 2799 958 2863 certius
983 2799 1165 2863 definiendi
1188 2800 1341 2865 revocari
1364 2805 1449 2884 pos·

270 2918 346 2969 sunt
370 2907 404 2969 hi
428 2905 511 2968 loci:
537 2905 608 2969 Sat.
633 2905 680 2969 III
700 2903 734 2969 'v.
761 2909 836 2968 242.
860 2905 946 2969 Illud
970 2906 1181 2970 enuntiatum
1199 2927 1364 2993 „namque
1378 2911 1438 2952 -“

269 3012 360 3076 nulla
384 3013 449 3076 alia
473 3032 575 3076 causa
600 3013 770 3076 adiectum
794 3033 869 3076 esse
894 3013 1027 3077 videtur
1050 3015 1112 3076 nisi
1137 3013 1180 3078 ad
1202 3014 1445 3098 explicandam

268 3141 390 3184 vocem
432 3119 615 3199 „dormiet“
658 3123 702 3199 (v.
742 3121 831 3200 241).
872 3120 947 3185 Nec
986 3121 1084 3184 aliter
1122 3141 1176 3184 res
1214 3142 1251 3185 se
1283 3120 1386 3184 habet
1409 3121 1442 3183 in

270 3229 393 3290 satirae
428 3227 478 3290 IV
514 3250 566 3289 vv.
605 3229 644 3298 to
672 3249 758 3312 sqq„
795 3239 829 3291 et
864 3227 900 3290 X
933 3249 988 3290 vv.
1014 3229 1078 3290 302
1103 3246 1189 3313 sqq,
1213 3227 1335 3314 quibus
1359 3228 1442 3292 locis

268 3347 371 3419 poeta
406 3356 469 3420 per
503 3335 804 3420 interrogationem
840 3335 998 3398 notiones
1038 3334 1207 3418 „villicus“
1246 3338 1289 3415 (v.
1329 3337 1382 3416 77)
1408 3346 1442 3398 et

272 3442 406 3526 „larga“
445 3441 490 3522 (v.
531 3442 630 3524 302).‚
671 3441 767 3526 quasi
810 3462 975 3506 excusare
1022 3441 1147 3506 studet.
1183 3441 1274 3504 Tum
1321 3443 1442 3505 similia

269 3548 347 3611 vide
371 3549 404 3610 in
429 3549 552 3611 satirae
576 3547 642 3611 VII
665 3570 696 3610 v.
722 3548 803 3618 217:

269 3729 480 3737 ————-

335 3815 360 3878 *l
381 3814 423 3867 Sic
442 3814 578 3868 Vahlenus
598 3815 626 3882 (l.
647 3831 668 3868 c.
688 3831 742 3882 pag
760 3816 805 3878 at)
826 3815 980 3882 rectissime,
1001 3815 1064 3882 quid
1086 3815 1136 3868 sibi
1160 3817 1227 3870 velit
1254 3816 1322 3870 illud
1350 3815 1441 3884 „liberz

340 3917 342 3922 ·
375 3920 428 3957 non
458 3905 510 3957 erit
538 3904 619 3971 illis,“
660 3903 874 3958 circumscribere
902 3905 1009 3958 videtur
1036 3920 1122 3970 neque
1141 3895 1216 3958 nobis
1236 3905 1442 3959 Schoenaichius

375 3993 403 4060 (1.
423 4009 445 4048 c.
464 4009 519 4061 pag
538 3994 586 4060 21)
615 3993 728 4061 probare
757 4000 855 4062 potest,
884 3994 929 4060 qui
957 3994 1036 4046 docet
1063 4000 1180 4060 poetam,
1199 3996 1285 4049 dicere
1314 3994 1429 4048 voluisse

378 4084 470 4151 „dives
489 4089 627 4150 patronus
647 4090 678 4136 ut
697 4089 814 4150 taceant,
835 4083 918 4136 servis
937 4083 1062 4136 maiorem
1084 4084 1211 4137 cotidiani
1230 4086 1318 4137 victus
1337 4089 1447 4150 partem

374 4180 401 4226 et
420 4172 479 4239 plus
498 4173 567 4226 aeris
587 4173 636 4226 dat
655 4189 733 4239 quarn
754 4172 818 4226 dare
837 4172 942 4226 debet.“

320 4259 361 4324 **)
382 4261 526 4314 Ribbeckio
546 4261 575 4327 (l.
594 4278 617 4314 c.
636 4278 691 4331 pag
713 4261 782 4329 112),
803 4262 846 4328 qui
867 4271 973 4314 nostros
986 4277 1078 4316 versus
1106 4261 1233 4315 Juvenali
1261 4261 1363 4329 adimit,
1391 4263 1442 4314 hoo

375 4351 608 4404 contradicendum
627 4359 676 4416 est,
697 4351 766 4417 quod
786 4351 889 4404 omissis
908 4366 950 4403 vv.
973 4352 1114 4406 118--124
1133 4366 1173 4417 ea,
1201 4366 1269 4417 quae
1293 4358 1446 4419 sequuntur

374 4454 434 4491 av.
454 4438 513 4502 125,
533 4439 641 4491 minime
661 4453 719 4491 curn
739 4438 959 4492 antecedentibus
978 4439 1130 4494 cohaerent.
