3282 5152
723 451 942 512 -()-

238 647 483 733 praestantiam
522 659 556 710 et
591 647 672 709 vitia
711 645 847 710 dicendi
886 657 920 709 et
959 646 1185 730 componendi
1226 661 1301 710 orta
1336 646 1415 712 'esse

238 755 422 817 affirmant.
447 753 577 817 Verum
595 752 696 817 etiam
709 751 843 838 longius
855 773 1056 838 progressus
1069 753 1120 816 vir
1134 753 1187 816 ille
1201 754 1416 819 doctissimus

153 936 155 940 ,
238 859 378 925 Ribbe
388 859 452 924 cki
462 860 539 941 us*)
564 880 669 946 quum
692 858 892 942 Juvenalem
908 880 1047 923 munere
1071 881 1133 924 suo
1150 861 1240 924 omni
1257 883 1300 924 ex
1316 875 1415 946 parte

239 967 530 1054 praestantissime
566 967 722 1029 functum
758 986 832 1029 esse
862 964 924 1029 sibi
953 968 1177 1050 persuaserit,
1213 968 1293 1031 nihil
1324 969 1416 1033 aliud

240 1075 300 1138 nisi
335 1075 478 1139 artificia
512 1073 670 1158 perlecta
702 1072 926 1158 omnibusque
961 1075 1108 1138 numeris
1143 1074 1300 1139 absoluta
1336 1098 1417 1161 pro-

238 1183 406 1246 creavisse
431 1180 610 1244 existimat.
635 1179 711 1243 Hac
736 1201 779 1242 ex
789 1180 920 1243 ratione
932 1192 970 1244 ut
981 1181 1147 1267 genuinas
1160 1203 1245 1267 quas
1259 1173 1416 1267 opinetur

238 1290 402 1354 lectiones
441 1288 614 1363 restituat,
654 1287 833 1349 satirarum
872 1299 1003 1350 textum
1042 1288 1205 1352 traditum
1252 1291 1415 1357 mutando
1442 1261 1477 1356 ⁸.

162 1397 163 1404 ’
240 1394 462 1480 exstirpando
487 1393 685 1458 traiiciendo
714 1393 825 1457 multis
857 1394 967 1457 modis
1003 1395 1048 1458 ad
1083 1417 1180 1459 suum
1216 1396 1416 1460 arbitratum

239 1503 449 1584 conformat,
486 1514 523 1564 ut
559 1521 683 1563 novam
718 1499 891 1585 quandam
926 1502 1079 1584 speciem
1118 1524 1200 1587 prae
1240 1525 1276 1568 se
1315 1505 1415 1567 ierat.

241 1609 347 1673 Cuius
365 1608 499 1690 quidem
516 1608 564 1670 rei
578 1607 628 1668 vir
648 1606 701 1669 ille
715 1606 929 1670 doctissimus
941 1608 1070 1671 nullum
1084 1609 1175 1673 aliud
1188 1611 1416 1674 testimonium

239 1719 367 1782 afferre
386 1763 388 1767 -
407 1730 522 1803 potest
562 1717 624 1780 nisi
641 1716 913 1779 'adnotationem
947 1716 1036 1780 illam
1072 1719 1106 1780 in
1140 1719 1312 1804 Juvenalis
1347 1720 1416 1782 vita

240 1825 425 1890 exhibitam
436 1825 497 1905 **):
527 1825 578 1904 „in
592 1824 691 1888 exilio
701 1823 876 1909 ampliavit
886 1825 1006 1889 satiras
1020 1826 1230 1914 etpleraque
1244 1827 1416 1890 mutavit“.

242 1931 376 2008 Quibus
414 1931 527 1996 verbis
568 1948 695 2018 quanta
731 1934 773 1996 sit
808 1935 893 1997 fides
924 1932 1094 2009 habenda,
1130 1934 1197 1996 hoc
1235 1934 1312 1998 loco
1351 1955 1418 1996 non

241 2039 503 2102 examinandum
538 2052 599 2103 est.
645 2041 776 2104 Verum
811 2041 911 2104 hodie
948 2061 1027 2104 cum
1049 2039 1104 2101 alii
1132 2039 1194 2100 viri
1228 2040 1322 2101 docti
1346 2052 1417 2101 tum

241 2145 557 2227 Teuffelius***)
607 2147 640 2209 in
678 2147 850 2231 Juvenalis
905 2147 1015 2210 satiris
1064 2145 1208 2230 vestigia
1247 2145 1416 2228 quaedam

241 2253 388 2338 duplicis
412 2253 618 2317 recensionis
653 2276 740 2340 quae
764 2266 907 2319 vocatur
932 2264 1050 2316 extare
1074 2250 1416 2336 arbitrantur‚'quam

241 2383 263 2424 a
273 2372 377 2445 poeta
393 2360 467 2444 ipso
481 2372 635 2424 curatam
649 2344 723 2425 esse
737 2360 916 2424 verisimile
934 2361 986 2422 sit.
1011 2358 1207 2423 Ribbeckio
1217 2359 1418 2422 exstiterunt

242 2467 446 2532 adversarii:
487 2465 675 2552 Lupus‚§)
699 2467 1019 2550 Doetschius‚§§)
1053 2466 1417 2547 Meinertzius,§§§)

240 2575 532 2656 Weiseus‚†)
558 2574 615 2659 qui
646 2575 784 2659 quidem
814 2574 1007 2658 complures
1038 2594 1154 2635 versus
1179 2594 1199 2634 a
1222 2571 1419 2634 Ribbeckio

244 2683 400 2768 Juvenali
457 2682 644 2768 abrogatos
703 2683 876 2747 vindicare
932 2682 1046 2747 conati
1104 2692 1190 2744 sunt.
1260 2677 1420 2742 Teuffelii

244 2790 446 2854 sententiam
500 2789 697 2874 improbans
744 2788 1171 2870 Schoenaichius‚††)
1227 2785 1272 2849 ad
1318 2806 1421 2870 quem

243 2896 283 2961 M
297 2919 316 2960 o
330 2919 345 2960 s
360 2919 378 2960 e
391 2920 412 2960 n
424 2919 448 2983 g
459 2919 478 2960 e
490 2897 501 2959 l
513 2919 535 2960 u
549 2918 564 2958 s
577 2899 657 2982 †††)
681 2918 819 2981 prorsus
832 2918 869 2960 se
893 2895 1089 2980 applicavit,
1114 2893 1219 2957 multa
1232 2893 1421 2979 sagacitate

244 3017 375 3069 rectam
409 3005 499 3067 viam
528 3015 561 3066 et
593 3005 760 3068 rationem
789 3004 822 3065 in
850 3003 1024 3088 Juvenalis
1059 3013 1133 3065 arte
1166 3001 1421 3084 compositionis

245 3110 448 3197 explicanda
472 3112 642 3198 ingressus
667 3111 746 3174 mihi
771 3131 847 3174 esse
872 3111 1015 3175 videtur.
1061 3109 1227 3193 Imprimis
1251 3129 1334 3171 vero
1354 3089 1434 3170 hoc¹

244 3218 322 3283 loco
346 3218 414 3282 duo
440 3219 502 3281 viri
526 3219 618 3282 docti
651 3217 939 3283 commemorandi
968 3227 1056 3292 sunt,
1088 3216 1146 3302 qui
1177 3215 1220 3278 de
1248 3213 1420 3298 Juvenalis

246 3338 319 3389 arte
343 3326 462 3389 satiras
487 3325 715 3410 componendi
743 3325 994 3389 disseruerunt:
1035 3321 1059 3386 S
1073 3335 1086 3386 t
1102 3321 1187 3386 rub
1207 3344 1261 3385 eu
1274 3341 1290 3382 s
1303 3319 1350 3401 *§)
1387 3331 1421 3382 et

308 3595 334 3663 ²⁸)
355 3596 409 3648 Der
429 3596 505 3649 echte
524 3594 579 3647 und
598 3594 644 3647 der
663 3593 777 3646 uuachte
796 3592 922 3646 Juvenal.
959 3592 1050 3646 Berlin
1071 3592 1148 3646 1865.

294 3684 336 3751 **)
356 3684 385 3738 0.
405 3684 479 3738 Jahn
497 3699 560 3751 pag.
579 3683 641 3737 388.

281 3773 337 3840 ***)
358 3773 486 3826 Charakt.
509 3789 536 3826 u.
555 3771 675 3825 Studien.
713 3770 825 3837 Leipzig
844 3771 922 3824 1871.

309 3864 336 3932 §l
356 3863 495 3918 Vindicius
514 3862 639 3916 Juvenal.
659 3861 721 3914 diss,
741 3861 818 3913 Bonu
838 3860 916 3914 1864.

292 3953 336 4023 ἕξ)
355 3952 436 4006 vind.
454 3952 580 4006 Juvenal.
599 3951 661 4005 diss.
682 3951 819 4003 Muenster
840 3950 916 4002 1810.

276 4043 334 4111 ἓξὲξ
356 4042 435 4096 Vind.
455 4041 580 4094 Juvenal.
600 4041 663 4092 diss.
683 4039 873 4106 Koenigsberg
893 4038 969 4091 1866.

303 4133 333 4198 †)
354 4131 432 4184 Vind.
451 4130 579 4183 Juvenal
597 4129 659 4181 diss.
679 4127 758 4181 Halle
779 4127 856 4181 1884.

279 4221 331 4289 ††)
352 4219 528 4286 Quaestioues
547 4218 672 4273 Juvenal.
693 4218 755 4270 diss.
776 4215 856 4269 Halle
878 4216 954 4269 1883.

259 4312 279 4379 †
303 4311 333 4378 †)
353 4308 433 4363 vind.
452 4310 581 4364 Juvenal.
600 4308 663 4361 diss
683 4307 819 4374 Erlangen
841 4306 919 4358 1887.

279 4399 321 4467 *§)
341 4399 468 4466 Gymnas.
488 4398 582 4465 Progr.
602 4395 800 4462 Brundenburg
821 4411 845 4446 a.
867 4395 902 4447 H.
925 4395 1001 4450 1875.
