3282 5152
667 451 888 514 ..29-

195 659 341 744 primum
376 655 441 718 hoc
476 647 815 716 animadvertendum
851 658 903 710 est
937 656 1076 729 poetam
1112 661 1373 725 saepenumero,

196 767 223 830 si
258 763 301 828 ab
333 784 401 832 una
426 757 664 844 disputationis
687 767 786 840 parte
810 754 855 817 ad
878 753 1021 822 alteram
1046 749 1175 825 transit,
1201 747 1372 831 simplices

196 895 237 938 ac
262 871 394 936 solutae
418 867 657 956 potiusquam
688 862 846 947 poeticae
870 860 1014 925 orationi
1039 857 1279 922 convenientes
1303 855 1375 918 ior-

198 999 271 1042 mas
311 995 487 1060 usurpare.
536 971 731 1035 Intueamur
755 969 861 1032 hosce
884 967 995 1031 locos:
1031 979 1093 1030 sat.
1130 963 1191 1041 IV,
1227 963 1263 1028 ll
1293 960 1376 1041 ,sed

200 1106 289 1149 nunc
328 1084 403 1159 de,“
442 1080 502 1162 VI,
538 1078 578 1142 59
619 1075 732 1161 „quod
756 1096 834 1140 cum
856 1075 902 1138 ita
927 1073 999 1150 sit‚“
1027 1071 1119 1149 VIII,
1145 1072 1185 1136 98
1211 1082 1245 1134 et
1268 1067 1374 1146 XI‚9

208 1195 364 1278 „porro“‚
388 1187 449 1265 XI,
476 1188 516 1258 70
553 1198 587 1248 et
621 1181 718 1258 XVI,
757 1183 794 1245 51
831 1185 1058 1267 „praeterea,“
1086 1179 1219 1264 aliaque
1245 1175 1376 1242 similia.

199 1299 272 1363 Has
308 1297 446 1382 quidem
482 1292 670 1382 particulas
705 1290 904 1365 rhetoricae,
928 1287 1091 1372 imprimis
1115 1307 1199 1350 vero
1224 1307 1281 1350 eas
1305 1284 1379 1348 ior-

201 1405 322 1481 mulas,
346 1401 470 1488 quibus
494 1401 539 1464 ad
563 1399 709 1462 maiores
733 1397 948 1480 minoresque
972 1395 1068 1458 locos
1085 1395 1246 1457 transitus
1278 1392 1374 1468 fiunt,

200 1510 473 1598 Bergmuellerus
490 1507 648 1589 (Quaest.
665 1505 818 1591 Juvenal.
835 1503 1009 1589 Erlangen
1029 1501 1191 1586 188bpag
1205 1501 1268 1562 413
1285 1503 1374 1583 sqq.)

199 1633 269 1683 tam
294 1617 434 1702 copiose
458 1614 642 1701 congessit,
667 1625 704 1675 ut
727 1611 808 1675 addi
831 1609 912 1672 nihil
935 1609 1042 1695 possit
1066 1629 1178 1693 supra.

307 1724 409 1800 Quae
433 1722 604 1807 Juvenalis
635 1718 847 1784 consuetudo
871 1716 1025 1801 quamvis
1049 1715 1093 1779 ab
1117 1715 1172 1778 illo
1196 1715 1269 1778 viro
1294 1714 1380 1778 doc-

144 1873 147 1878 ·
200 1832 329 1896 tissimo
364 1829 445 1893 satis
482 1828 660 1915 diligenter
695 1825 869 1911 explicata
904 1837 937 1887 et
973 1821 1109 1886 uberius
1132 1822 1298 1887 illustrata
1322 1823 1374 1898 sit,

201 1951 315 2002 tamen
340 1937 573 2023 quaestionem
598 1935 747 1998 nondum
770 1933 928 1996 adhunc
952 1931 1055 1994 finem
1078 1929 1281 2015 perductam
1302 1949 1379 1993 esse

202 2067 391 2122 censemus
415 2058 462 2121 ut,
477 2045 535 2128 qui
547 2043 658 2106 denuo
672 2063 748 2104 eam
764 2061 903 2103 movere
920 2059 1078 2123 novaque
1095 2037 1172 2102 luce
1188 2057 1376 2122 aspergere

202 2165 355 2230 conetur,
379 2153 412 2216 in
435 2173 471 2215 re
496 2150 677 2214 manifesta
701 2168 844 2232 operam
867 2147 1013 2231 perdere
1039 2145 1204 2209 videatur.

308 2277 425 2362 Atque
457 2275 546 2337 illam
582 2287 708 2358 poetae
745 2272 1025 2337 consuetudinem
1050 2269 1248 2334 transeundi
1273 2267 1374 2330 valde

202 2386 366 2447 miramur
400 2381 570 2444 nonnullis
595 2380 719 2444 criticis
748 2392 818 2443 tam
841 2382 939 2465 gravi
975 2377 1156 2442 offensioni
1189 2377 1304 2452 fuisse,
1340 2387 1380 2437 ut

202 2489 393 2554 huiusmodi
439 2487 523 2551 locis
565 2487 747 2573 genuinam
786 2488 946 2550 transitus
981 2485 1163 2550 formulam
1210 2482 1381 2546 excidisse

67 2579 70 2584 ’
159 2629 161 2634 ·
203 2609 393 2662 censerent.
450 2593 750 2676 Weidnerus*)
790 2594 927 2679 quidem
967 2594 1001 2656 in
1024 2593 1148 2656 satirae
1181 2589 1267 2654 XVI
1298 2601 1377 2674 post

201 2724 336 2766 versum
371 2705 413 2765 34
449 2704 640 2766 orationem
671 2723 828 2766 mancam
851 2682 1067 2764 statuendam
1091 2720 1165 2763 esse
1201 2697 1264 2762 sibi
1299 2719 1379 2782 per-

202 2810 315 2872 suasit.
368 2809 426 2871 Ad
475 2809 712 2874 stabiliendam
751 2830 848 2873 suam
895 2807 1097 2871 sententiam
1145 2827 1226 2869 sane
1276 2806 1380 2867 miras

203 2936 329 2980 ‘causas
350 2915 454 2979 affert
477 2897 559 2980 has:
596 2916 679 2994 ,Die
704 2914 931 3000 Verbindung
955 2914 1015 2980 mit
1028 2914 1105 2978 dem
1127 2913 1379 2998 vorausgehen-

202 3024 269 3087 den
293 3021 371 3085 Teil
393 3023 436 3086 ist
459 3022 616 3087 verloren
639 3044 833 3109 gegangen.
881 3020 1064 3085 Vielleicht
1099 3021 1140 3084 ist
1172 3021 1233 3084 der
1264 3007 1378 3084 Uber-

201 3151 295 3217 gang
330 3129 384 3192 ein
419 3138 574 3216 sp'aterer
609 3131 745 3208 Zusatz,
793 3129 971 3215 verfertigt
1006 3131 1066 3193 mit
1095 3129 1289 3193 Rucksieht
1320 3126 1388 3191 auf

201 3237 291 3301 Vers
318 3238 367 3308 7.“
406 3235 476 3300 Sed
510 3240 537 3301 si
572 3239 646 3323 quis
682 3261 713 3302 v.
751 3236 792 3300 35
817 3238 983 3322 posterius
1007 3237 1279 3302 additamentum
1304 3256 1378 3298 esse

202 3356 310 3427 putat,
334 3345 362 3406 is
387 3343 478 3406 idern
502 3345 545 3407 de
569 3367 670 3408 versu
697 3345 712 3414 7
738 3345 889 3408 iudicare
913 3343 1026 3409 debet.
1067 3343 1191 3428 Neque
1207 3363 1289 3406 vero
1311 3344 1380 3406 hoc

203 3448 279 3514 loco
303 3451 489 3536 quidquam
502 3451 698 3516 offensionis
707 3451 859 3532 restabit,
883 3451 965 3514 dum
988 3452 1090 3515 modo
1114 3462 1208 3514 recte
1243 3462 1383 3513 senten--

203 3556 325 3620 tiarum
363 3580 488 3623 nexum
524 3558 731 3622 evolvamus.
777 3557 924 3622 Videtur
959 3558 1048 3622 enim
1083 3557 1215 3642 ecloga,
1250 3570 1288 3620 ut
1311 3557 1380 3619 iam

203 3684 307 3747 supra
331 3663 648 3741 demonstravimus
671 3665 756 3728 duas
779 3677 896 3752 partes
912 3664 1081 3741 habuisse,
1106 3685 1249 3749 quarum
1264 3664 1378 3750 priore

204 3770 306 3833 etiam
340 3791 429 3835 nunc
463 3782 599 3834 servata
633 3771 785 3857 praemia
820 3773 969 3835 omnium
1001 3772 1143 3835 militum
1186 3771 1383 3835 communia

202 3888 466 3960 pertractantur.
531 3878 630 3943 Hanc
677 3879 802 3942 satirae
848 3892 982 3964 partem
1026 3891 1130 3965 poeta
1165 3879 1289 3941 iterum
1328 3879 1379 3942 sic

204 3983 389 4070 distinguit,
426 3994 463 4046 ut
497 3987 644 4068 primum
679 3987 832 4072 praemia
861 4008 882 4050 a
905 3984 1063 4049 militibus
1088 3987 1184 4049 viae
1211 3984 1373 4070 superbia

204 4103 374 4177 arrogata,
413 4102 486 4154 tum
531 4091 680 4178 legitime
720 4095 768 4158 eis
820 4115 840 4156 a
892 4092 1145 4178 magistratibus
1199 4093 1378 4180 proposita

204 4211 388 4265 enumeret.
438 4198 538 4275 Quae
564 4221 641 4264 curn
664 4201 711 4265 ita
734 4203 811 4279 sint,
835 4221 952 4264 versus
976 4199 1018 4264 35
1043 4201 1299 4265 accuratissime
1333 4199 1381 4264 ad

268 4427 295 4493 ¹⁸)
314 4429 378 4483 edit.
398 4431 453 4486 Sat.
473 4433 535 4487 Juv.
555 4449 618 4502 pag.
638 4433 699 4488 308.
