3282 5152
775 483 996 546 ...282-

303 692 418 744 exstat
444 682 477 744 in
503 681 628 744 satirae
651 679 734 742 lvv.
749 677 789 743 95
814 700 901 765 sqq.,
925 678 968 742 de
993 699 1061 764 quo
1085 679 1151 742 iam
1175 697 1278 762 supra
1302 655 1473 761 copiosius

302 788 558 872 disputavimus.
607 787 706 850 Aliae
735 786 901 850 eiusmodi
924 785 1157 872 digressiones
1185 796 1322 870 praeter
1352 805 1473 849 neces·

302 896 435 958 sitatem
459 894 597 959 additae
621 895 653 956 in
679 893 833 957 omnibus
856 893 926 957 fere
950 893 1060 956 satiris
1084 892 1394 978 deprehenduntur.
1433 892 1471 957 In

301 1003 403 1066 satira
450 996 481 1067 II
532 1001 669 1088 quidem
719 1000 796 1064 inde
833 1021 854 1064 a
895 1023 923 1065 v.
962 1001 1004 1064 93
1044 1000 1295 1064 accuratissime
1350 999 1472 1086 singuli

235 1131 239 1138 ·
302 1109 504 1172 feminarum
528 1119 714 1194 apparatus
739 1106 986 1183 describuntur,
1010 1106 1132 1192 quibus
1156 1108 1201 1172 ad
1225 1107 1320 1194 orgia
1351 1106 1471 1170 Bonae

301 1214 397 1279 Deae
432 1216 494 1279 rite
519 1215 662 1280 colenda
687 1236 773 1300 opus
798 1227 880 1278 erat.
928 1215 1018 1278 Turn
1042 1215 1085 1278 de
1109 1214 1252 1279 Othonis
1277 1214 1471 1278 effeminata

299 1316 439 1386 mollitie
478 1335 581 1406 poeta
616 1323 775 1387 nonnulla
814 1322 920 1386 addit.
968 1322 1042 1386 Hac
1068 1322 1275 1408 digressione
1314 1321 1471 1386 absoluta

301 1443 403 1515 poeta
437 1430 586 1516 singulas
621 1428 805 1515 Orgiorum
840 1450 893 1492 res
925 1450 1085 1493 enarrare
1109 1429 1232 1515 pergit.
1280 1427 1357 1492 Hoc
1382 1430 1471 1492 enim

302 1536 404 1600 modo
428 1547 575 1600 mentem
599 1548 722 1621 poetae
746 1537 959 1620 interpretari
977 1535 1077 1600 licet:
1105 1536 1199 1616 ,Viri
1216 1535 1269 1600 isti
1286 1535 1470 1600 effeminati
1559 1562 1561 1566 ·

303 1642 501 1706 muliebrem
536 1643 687 1707 habitum
723 1655 756 1706 et
791 1643 943 1729 speciem
978 1643 1141 1708 affectare
1187 1663 1253 1706 non
1301 1635 1470 1708 verentur.

300 1751 420 1836 Itaque
454 1752 509 1815 hic
546 1752 579 1834 (i.
606 1773 634 1814 e.
667 1751 723 1815 ubi
765 1751 930 1815 eiusmodi
965 1773 1030 1828 res,
1066 1772 1150 1836 quas
1181 1772 1285 1835 supra
1322 1752 1468 1828 narravi,

300 1862 477 1944 geruntur)
516 1858 625 1922 nullus
665 1857 848 1922 verborum
895 1857 1007 1943 pudor
1045 1858 1185 1922 inveniri
1234 1870 1358 1942 potest,
1410 1859 1471 1923 sed

301 1965 451 2050 Cybeles
476 1964 612 2029 libertas
636 1969 787 2050 regnat.“
837 1965 956 2049 Itaque
993 1964 1201 2050 digressione
1238 1985 1256 2028 e
1289 1965 1469 2030 verborum

299 2071 419 2135 ordine
455 2084 614 2156 exempta
637 2092 704 2135 non
729 2071 831 2135 modo
848 2071 927 2134 nihil
942 2071 1164 2146 desideratur,
1189 2071 1250 2134 sed
1267 2072 1316 2136 sic
1333 2073 1467 2136 demum

300 2181 460 2244 orationis
500 2180 708 2244 concinnitas
745 2181 845 2265 plane
890 2180 1084 2243 restituitur.
1153 2180 1290 2244 Etenim
1330 2181 1381 2244 illa
1419 2186 1461 2244 de

301 2287 447 2351 Othonis
482 2287 628 2350 mollitie*
643 2289 792 2351 narratio
817 2308 894 2351 curn
924 2287 1078 2372 proxime
1103 2287 1357 2373 insequentibus
1379 2287 1462 2350 adeo

300 2415 368 2458 non
404 2394 565 2477 copulata
596 2406 657 2470 est,
693 2397 729 2457 ut
764 2395 850 2456 inter
885 2417 937 2459 vv.
976 2395 1035 2457 109
1072 2407 1106 2458 et
1142 2396 1203 2456 110
1239 2397 1346 2459 oratio
1371 2395 1468 2458 valde

301 2513 396 2564 curta
420 2501 461 2563 sit
486 2513 518 2563 et
542 2499 722 2564 claudicet.
1035 2581 1037 2585 ,

406 2606 496 2671 Vide
520 2606 637 2670 similia
662 2607 695 2668 in
724 2607 849 2670 satirae
873 2607 955 2671 VIII
978 2631 1030 2673 vv.
1068 2610 1129 2670 211
1157 2629 1243 2694 sqq,
1268 2608 1388 2694 quibus
1413 2609 1472 2670 illa

299 2713 342 2776 de
378 2713 526 2777 Neronis
561 2714 768 2777 immanitate
803 2715 968 2800 digressio
1010 2694 1150 2798 parum*
1174 2717 1256 2780 scite
1298 2715 1467 2778 inseritur.

299 2820 413 2885 Versu
449 2821 509 2882 231
548 2832 651 2904 poeta
682 2821 726 2884 ad
759 2843 841 2897 rem,
877 2843 979 2906 quam
1016 2822 1169 2899 instituit,
1202 2822 1311 2886 redire
1343 2821 1467 2904 studet,

299 2928 361 2991 sed
389 2928 490 2991 etiam
514 2927 578 2991 hoc
618 2927 694 2991 loco
734 2929 934 3012 requirimus
969 2928 1138 2992 vinculum
1178 2930 1361 3014 quoddam,
1401 2949 1467 3014 quo

300 3035 465 3120 digressio
491 3054 567 3097 cum
592 3034 876 3119 subsequentibus
893 3047 1101 3114 conectatur.
1127 3073 1167 3082 ——
1192 3035 1350 3103 Pluribus
1366 3038 1468 3122 igitur

298 3142 382 3205 locis
407 3153 502 3204 tanta
525 3141 741 3227 neglegentia
766 3142 991 3228 digressiones
1015 3155 1188 3228 tamquam
1211 3166 1343 3228 pannos
1366 3156 1466 3228 poeta

299 3249 458 3326 inculcat,
488 3261 523 3312 ut
546 3249 703 3313 videatur
721 3249 845 3313 oblitus
869 3271 944 3314 esse
969 3251 1069 3314 rimas
1095 3251 1174 3314 inde
1198 3264 1291 3316 ortas
1316 3252 1462 3336 explere.

298 3355 465 3419 Nimirum
489 3356 590 3420 facile
616 3357 769 3420 concedo
804 3357 970 3422 nonnullis
1004 3357 1088 3421 locis
1126 3370 1263 3442 poetam
1298 3359 1467 3422 studuisse

299 3465 528 3550 digressiones
564 3484 641 3527 cum
677 3485 807 3526 summa
853 3465 1059 3549 quaestionis
1096 3465 1328 3552 conglutinare
1365 3480 1401 3528 ut
1436 3466 1467 3526 in

298 3571 421 3634 satirae
455 3570 504 3633 IV
541 3594 571 3635 v.
608 3569 659 3646 55,
695 3570 730 3634 X
765 3594 796 3633 v.
834 3571 875 3634 54
911 3571 1089 3656 particula,
1128 3575 1265 3658 „ergo“‚
1301 3571 1378 3648 XII,
1407 3573 1463 3635 lll

297 3677 466 3763 particula
508 3679 646 3763 „igitur“
686 3679 812 3742 addita.
859 3678 897 3741 In
933 3680 1055 3743 satirae
1092 3680 1127 3743 X
1154 3703 1183 3745 v.
1212 3679 1271 3744 185
1296 3692 1399 3765 poeta
1423 3678 1467 3742 ad

298 3786 487 3849 orationem
499 3785 709 3870 digressione
721 3787 944 3870 interruptam
954 3787 1041 3850 redit
1050 3789 1194 3872 repetita
1204 3767 1467 3874 interrogatione

297 3913 415 3956 versus
456 3893 530 3963 179:
566 3894 694 3979 ,qualis
729 3891 859 3956 redit?“
898 3931 939 3940 -
976 3894 1140 3956 Attamen
1171 3895 1204 3958 hi
1237 3914 1372 3980 quoque
1400 3891 1467 3954 loci
1552 3957 1554 3959 ,

297 4021 404 4086 usque
429 4021 470 4065 eo
494 4001 688 4064 non'limati
711 4021 822 4085 neque
845 4021 984 4084 prorsus
1008 3998 1171 4064 elaborati
1196 4023 1270 4067 esse
1298 4002 1466 4074 videntur,

297 4119 333 4170 ut
360 4106 454 4171 faciIe
479 4108 686 4194 singularum
709 4109 856 4194 partium
880 4109 1119 4192 commissurae
1152 4111 1298 4194 perspici
1326 4108 1467 4193 possint.

403 4231 464 4294 His
488 4233 648 4318 quoniam
673 4232 718 4295 ad
740 4233 840 4296 finem
865 4231 1034 4316 perducta
1059 4245 1110 4295 est
1126 4233 1212 4295 haec
1229 4230 1479 4315 disputationis-

296 4360 387 4423 parS,
424 4350 540 4415 restat,
575 4351 612 4402 ut
636 4361 703 4424 qua
727 4340 857 4403 ratione
881 4337 1012 4423 singula
1035 4338 1241 4423 quaestionis
1265 4349 1468 4426 argumenta

296 4447 330 4509 in
364 4445 474 4510 satiris
506 4447 592 4510 inter
615 4468 651 4510 se
677 4467 808 4510 conexa
840 4446 905 4509 sint
928 4445 1048 4529 paucis
1073 4444 1301 4510 ostendamus.
1350 4444 1466 4530 Atque
