3282 5152
687 477 906 540 „11-

271 677 490 757 „Vivendum
515 686 607 738 recte
631 685 683 737 est
706 694 784 737 cum
807 684 951 756 propter
974 672 1121 756 plurima
1145 684 1225 736 tunc
1250 683 1301 734 est

272 786 409 852 Idcirco
433 795 469 847 ut
493 781 603 867 possis
626 781 776 866 linguam
801 792 1020 842 contemnere
1044 779 1134 845 servi

273 892 474 975 Praecipue.
521 887 616 952 Cave
640 888 684 950 sis
709 898 745 949 tu
768 886 901 971 linguas
925 886 1170 971 mancipiorum

275 999 496 1064 Contemnas:
521 1017 600 1059 nam
622 995 737 1081 lingua
762 993 841 1056 mali
864 1014 945 1078 pars
968 993 1115 1077 pessima
1139 993 1236 1058 servi.

276 1105 435 1170 Deterior
458 1116 570 1167 tamen
594 1103 660 1179 hic,
684 1101 743 1187 qui
767 1098 852 1164 liber
875 1121 942 1163 non
966 1101 1027 1163 erit
1054 1099 1127 1178 illis,

277 1213 433 1289 Quorum
456 1211 585 1274 animas
610 1221 643 1273 et
667 1209 760 1271 farre
784 1229 845 1271 suo
870 1207 1019 1272 custodit
1043 1219 1076 1270 et
1100 1213 1212 1270 aere.“

316 1319 446 1392 Haecsi
455 1314 745 1381 recteaVahleno
755 1315 936 1379 emendata
945 1312 1146 1378 etdistincta
1155 1311 1383 1397 sunt,idqu0d

207 1425 469 1504 Teuffelius*)
495 1424 538 1487 de
562 1423 730 1486 sententia
754 1421 900 1485 inaniter
923 1421 1071 1504 repetita
1094 1420 1258 1506 queritur,
1281 1419 1382 1504 plane

208 1534 370 1620 redargui
394 1532 475 1595 mihi
492 1531 630 1617 quidem
643 1529 788 1594 videtur.
811 1527 948 1590 Etenim
961 1541 999 1591 ut
1011 1528 1146 1611 saepius
1158 1528 1204 1590 ita
1228 1527 1293 1590 hoc
1306 1527 1383 1590 loco

208 1640 381 1725 Juvenalis
394 1640 446 1702 sui
455 1638 640 1701 simillimus
648 1637 721 1711 fuit,
736 1656 848 1700 cumV.
862 1636 919 1697 121
938 1634 1085 1714 ,nam**l
1096 1634 1213 1719 lingua
1226 1667 1259 1674 -
1272 1633 1380 1696 servit

208 1748 324 1832 priora
349 1745 599 1829 complectitur,
625 1755 661 1805 ut
686 1741 854 1805 contraria
878 1742 1044 1804 sententia
1068 1763 1099 1803 v.
1129 1742 1185 1803 121
1217 1739 1384 1820 „deterior

208 1857 343 1916 tamen“
387 1849 599 1914 commodius
646 1848 781 1912 adnecti
829 1859 863 1910 et
908 1868 972 1931 per
1010 1848 1101 1910 illum
1140 1848 1385 1911 sententiarum

206 1959 393 2024 circuitum
408 1976 511 2041 quem
524 1955 729 2032 vocaverim,
754 1955 888 2030 eodem,
911 1954 1002 2017 unde
1027 1954 1212 2038 disputatio
1229 1975 1307 2018 orsa
1324 1966 1384 2037 est,

212 2064 323 2128 redire
362 2061 545 2148 possit.***)
594 2061 695 2139 Quae
735 2083 815 2126 cum
849 2062 896 2123 ita
931 2062 1015 2139 sint,
1055 2062 1163 2125 oratio
1199 2061 1314 2124 evadit
1353 2062 1386 2124 in

209 2172 404 2235 universam
427 2170 639 2245 sententiam,
676 2190 744 2253 qua
775 2179 879 2253 poeta
910 2187 982 2240 non,
1001 2168 1045 2230 ad
1069 2167 1273 2244 Naevolum,
1302 2189 1387 2253 quo-

211 2300 289 2343 cum
328 2278 440 2341 adhuc
479 2277 667 2340 collocutus
707 2287 768 2350 est,
807 2273 868 2337 sed
907 2275 951 2338 ad
990 2276 1163 2339 dominum
1201 2276 1311 2360 ipsum
1350 2295 1386 2338 se

213 2385 393 2448 convertit.

318 2488 396 2572 Jam
442 2500 558 2551 nostra
605 2487 832 2571 disputatione
871 2488 915 2551 de
954 2488 1133 2551 satirarum
1179 2490 1295 2574 specie
1341 2489 1387 2552 ad

210 2596 311 2659 finem
344 2595 517 2679 perducta
541 2615 725 2681 pergamus
761 2616 878 2658 earum
913 2595 1172 2679 dispositionem
1195 2597 1387 2660 accuratius

126 2693 129 2697 ’
212 2703 395 2788 explicare.
456 2700 574 2788 Atque
613 2702 648 2766 id
688 2703 899 2787 potissimum
939 2701 1125 2764 tenendum
1161 2715 1213 2766 est
1249 2715 1388 2787 poetam

214 2811 322 2872 solere
371 2811 439 2872 iam
496 2811 529 2873 in
587 2811 681 2874 initio
741 2811 1003 2894 uniuscuiusque
1050 2811 1176 2874 satirae
1223 2831 1388 2873 summam

211 2916 421 3002 quaestionis
446 2916 644 2998 indicare.†)
693 2917 769 2981 Hac
793 2928 917 3002 poetae
954 2917 1199 2980 consuetudine
1230 2917 1389 3003 neglecta

214 3045 292 3087 cum
319 3044 339 3085 a
364 3022 474 3086 multis
514 3024 587 3087 aliis
625 3036 698 3086 tum
733 3025 878 3088 maxime
902 3046 923 3087 a
946 3023 1142 3089 Ribbeckio
1171 3023 1263 3086 haud
1287 3024 1389 3108 pauci

214 3150 335 3193 versus
360 3131 555 3214 transpositi
579 3131 633 3193 vel
647 3131 748 3194 etiam
771 3130 814 3194 ab
825 3132 991 3198 Juvenale
1015 3130 1199 3196 abiudicati
1218 3143 1304 3194 sunt.
1351 3130 1390 3193 In

209 3237 318 3300 satira
344 3234 426 3297 viu
449 3236 586 3320 quidem
610 3236 880 3319 Ribbecki11s††)
906 3259 1023 3301 versus
1047 3239 1123 3300 4-1
1149 3219 1241 3302 11εέ
1271 3238 1390 3302 eritrea

214 3341 424 3406 resecandos
444 3363 516 3404 esse
529 3343 592 3406 sibi
615 3329 794 3427 persuasit,
819 3344 911 3429 quod
934 3344 1006 3407 fieri
1030 3365 1097 3407 non
1111 3365 1212 3428 posse
1231 3343 1390 3419 affirmat,

216 3461 252 3512 ut
289 3471 375 3513 unus
414 3447 536 3512 nobilis
577 3462 610 3513 et
635 3449 845 3514 Aemilianos
884 3463 918 3514 et
942 3450 1084 3515 Curios
1102 3463 1136 3515 et
1168 3449 1321 3537 Lepidos
1357 3451 1391 3513 in

211 3575 356 3619 avorum
395 3577 534 3619 suorum
576 3578 716 3621 numero
751 3558 888 3622 referat.
935 3556 1040 3633 Quod
1069 3580 1152 3621 vero
1176 3557 1391 3623 Ribbeckius

216 3661 358 3726 maiores
383 3674 601 3727 enumeratos
625 3664 809 3748 vituperat,
837 3665 872 3728 id
895 3665 1040 3751 primum
1073 3677 1259 3729 excusatur
1282 3663 1391 3728 forma

209 3768 405 3852 epistolica,
430 3793 534 3856 quam
557 3792 636 3834 raro
661 3783 732 3835 tam
764 3771 954 3857 perfectam
980 3785 1014 3835 et
1050 3771 1207 3836 omnibus
1242 3771 1390 3834 numeris

279 3943 304 4009 *)
324 3946 392 3999 Mus.
412 3946 496 4000 Rhen.
516 3949 581 4001 XXI
600 3908 662 4016 pag.
685 3950 744 4002 155.
782 3949 891 4003 Bericht
909 3951 955 4003 der
977 3949 1147 4017 Heidelberg.
1168 3947 1236 4001 Phil.
1259 3947 1391 4002 Versaml.

323 4034 434 4101 Leipzig
457 4036 537 4089 1866.

264 4121 303 4186 **)
324 4123 485 4176 iuvenalem
506 4125 599 4190 ,1111ι
620 4125 757 4192 scripsisse
777 4133 804 4179 et
814 4127 942 4180 correctio
953 4127 1118 4179 Pithoeanae
1137 4125 1260 4178 lectionis
1271 4133 1298 4178 et
1309 4126 1391 4179 ceteri

323 4211 385 4264 libri
403 4212 509 4265 docent.

245 4295 302 4363 ***)
322 4300 353 4353 de
381 4302 431 4354 hac
449 4308 545 4368 poetae
564 4305 756 4357 consuetudine
780 4304 852 4358 infra
871 4304 1002 4370 copiosius
1026 4304 1102 4358 nobis
1122 4305 1312 4373 disputandum
1332 4304 1391 4357 erit.

271 4387 302 4454 †)
325 4389 518 4456 Propositionis
538 4407 606 4458 quae
628 4402 740 4447 vocatur
761 4393 890 4447 formulas
918 4409 971 4461 eas,
1000 4410 1067 4460 quas
1086 4395 1226 4447 Juvenelis
1254 4395 1282 4445 in
1301 4393 1392 4445 satiris

325 4477 441 4547 adhibet,
462 4481 678 4550 Bergmuellerus
699 4483 845 4551 diligenter
864 4485 999 4554 congessit
1019 4484 1049 4548 (1.
1069 4500 1090 4538 c.
1110 4499 1173 4550 pag.
1194 4481 1356 4546 398-399).

250 4564 305 4634 '††)
326 4566 342 4618 l.
363 4582 384 4620 c.
404 4583 465 4636 pag.
486 4573 529 4624 96.
