3282 5152
700 505 918 568 ..31--

219 704 392 767 dominum
430 715 464 768 et
501 703 671 766 dominam
717 702 812 783 colit)
848 715 881 765 et
915 714 1030 766 vestro
1055 700 1185 778 morb0‚
1211 721 1312 785 quem
1337 719 1392 762 me

217 810 355 896 putatis
391 810 576 897 quidquam
611 810 775 874 donetis.“
827 807 883 873 Sic
919 809 999 873 dum
1035 808 1137 872 modo
1173 819 1267 872 recte
1310 804 1393 870 illud

221 918 371 996 ,cultor“
414 918 458 981 ed
500 917 680 998 ,morbus“
713 917 796 1001 quid
831 915 893 979 sibi
936 915 1050 990 velint,
1101 915 1390 1000 interpretremur‚

218 1046 334 1090 omnes
382 1025 602 1089 difficultates
642 1024 814 1087 tolluntur.
865 1023 999 1086 Etenim
1036 1024 1101 1087 hoc
1138 1043 1275 1109 quoque
1315 1022 1393 1087 loco

218 1153 318 1195 versu
353 1130 394 1194 45
427 1132 535 1196 oratio
565 1132 598 1193 in
629 1131 822 1194 universam
847 1131 1049 1194 sententiam
1074 1130 1220 1194 evadere
1244 1131 1391 1209 videtur,

218 1241 272 1304 cui
308 1241 476 1304 contraria
512 1239 578 1310 illa,
614 1259 701 1324 quae
736 1259 790 1302 vv.
818 1239 856 1308 47
883 1259 958 1324 sqq.
984 1238 1187 1313 continetur,
1224 1240 1391 1303 sententia
1429 1261 1431 1264 ·

217 1347 426 1411 commodius
450 1359 655 1432 opponatur.
703 1345 774 1410 Sed
798 1345 915 1410 eiec‘tis
939 1367 994 1408 vv.
1020 1346 1060 1407 48
1086 1356 1120 1408 et
1145 1346 1186 1409 49
1210 1345 1266 1408 ilia
1282 1366 1394 1430 oppo-

217 1454 304 1531 sitio,
329 1476 417 1539 quae
442 1453 533 1518 haud
558 1452 661 1517 dubie
686 1453 798 1516 existit
822 1454 909 1516 inter
933 1459 1014 1529 „tu“
1040 1463 1074 1514 et
1115 1459 1221 1528 „vos“
1251 1473 1391 1537 prorsus

217 1562 451 1646 exstinguitur.
497 1559 646 1624 Proinde
682 1558 896 1623 Ribbeckius
931 1559 1051 1622 iniuria
1086 1558 1158 1622 illos
1183 1579 1300 1622 versus
1325 1561 1395 1624 eie·

216 1669 302 1732 cisse
327 1652 406 1731 mihi
431 1668 575 1731 videtur.
622 1667 677 1730 Ac
702 1666 780 1729 vide
806 1687 946 1751 compar
972 1667 1167 1751 exemplum
1192 1667 1226 1729 in
1266 1668 1391 1731 satirae

216 1774 251 1838 X
275 1797 307 1837 v.
338 1777 410 1837 103.
435 1775 529 1837 Illam
555 1795 719 1837 summam
744 1773 944 1837 sententiam
970 1773 1087 1858 „Ergo
1104 1774 1186 1859 quid
1203 1774 1391 1861 optandum

217 1885 314 1962 toret,
347 1883 522 1966 ignorasse
552 1881 671 1944 fateris
703 1880 864 1944 Seianum
889 1883 963 1957 -,“
990 1903 1092 1966 quam
1115 1893 1219 1965 poeta
1243 1881 1321 1945 inde
1345 1881 1389 1945 ab

216 1988 310 2051 initio
336 1988 459 2052 satirae
484 1987 546 2051 sibi
571 1987 864 2073 comprobandam
887 1989 1078 2073 proposuit,
1103 1989 1168 2052 hoc
1193 1988 1269 2052 loco
1301 1988 1391 2052 nulla

216 2096 282 2160 alia
320 2117 423 2160 causa
458 2096 589 2159 referre
624 2089 768 2177 uidetur,
809 2097 870 2158 nisi
910 2107 946 2158 ut
997 2096 1114 2158 melius
1143 2097 1208 2160 alia
1232 2096 1391 2180 exempla

215 2204 343 2268 addere
367 2204 486 2288 possit.

323 2309 380 2374 Ad
416 2322 604 2374 extremam
639 2303 874 2394 quaestionem
909 2323 1064 2373 nostram
1096 2311 1188 2375 aliud
1227 2309 1391 2397 quiddam

214 2412 364 2480 breviter
387 2418 616 2503 perstringere
641 2417 805 2494 volumus,
830 2416 921 2502 quod
946 2418 991 2480 ad
1004 2418 1093 2482 hanc
1111 2419 1390 2482 consuetudinem

218 2524 492 2608 cognoscendam
535 2524 662 2609 aliquid
706 2523 821 2588 valere
866 2536 1035 2609 putamus
1084 2524 1196 2610 Saepe
1221 2527 1310 2590 enim
1333 2527 1394 2611 Ju-

214 2631 341 2695 venalis
374 2633 463 2695 hunc
498 2633 531 2694 in
568 2632 706 2695 modum
742 2633 970 2718 argumentari
1000 2632 1097 2709 solet,
1121 2645 1157 2695 ut
1181 2634 1214 2696 in
1238 2646 1391 2698 extrema

214 2739 441 2824 disputatione
465 2739 510 2802 ad
534 2739 625 2803 idem
649 2729 738 2801 unde
764 2759 859 2802 orsus
879 2752 940 2816 est,
963 2760 1027 2824 per
1043 2761 1186 2824 pravum
1212 2741 1392 2805 circuitum

132 2825 135 2836 ¹
214 2866 315 2929 quem
366 2847 561 2909 vocaverim
608 2845 850 2909 sententiarum
901 2846 1029 2909 redeat.
1095 2847 1205 2911 Huius
1254 2848 1390 2912 dicendi

214 2951 373 3016 circuitus
397 2952 591 3036 exemplum
616 2953 853 3038 indagavimus
878 2953 910 3014 in
934 2954 1060 3017 satirae
1083 2954 1098 3016 Ι
1121 2977 1176 3017 vv.
1211 2956 1248 3026 77
1280 2969 1314 3019 et
1341 2955 1391 3037 78,

213 3057 512 3137 Teuffelius*)
547 3059 685 3144 quidem
717 3060 749 3121 in
785 3082 836 3123 vv.
868 3059 997 3130 73-76
1027 3073 1061 3124 et
1092 3061 1219 3132 77-78
1245 3064 1390 3149 vestigia

213 3165 383 3250 quaedam
414 3165 562 3252 duplicis
586 3167 763 3230 satirarum
797 3169 1006 3232 recensionis
1038 3182 1172 3233 exstare
1198 3171 1390 3237 arbitratur.

212 3271 284 3336 Iam
310 3271 481 3336 Schoen
495 3274 722 3355 aichius**)
747 3275 835 3337 hanc
859 3277 1062 3340 sententiam
1085 3278 1188 3341 certis
1209 3290 1246 3342 ut
1263 3280 1386 3363 opinor

211 3380 422 3464 argumentis
458 3380 631 3444 refutavit.
678 3380 843 3445 Attamen
878 3382 991 3447 denuo
1015 3385 1105 3447 hunc
1130 3385 1240 3449 locum
1265 3387 1297 3449 in
1323 3387 1392 3450 dis-

214 3487 428 3567 putationem
479 3506 661 3570 vocamus,
710 3488 803 3572 quod
846 3488 930 3553 illius
968 3491 1030 3552 viri
1069 3492 1161 3556 docti
1202 3495 1393 3557 sententiae

211 3611 351 3674 prorsus
366 3593 520 3657 assentiri
534 3615 678 3678 nequeo.
713 3593 830 3680 Atque
853 3597 999 3680 primum
1022 3597 1118 3662 nobis
1144 3599 1244 3664 valde
1269 3602 1388 3664 mirum

212 3697 357 3775 videtur,
393 3701 485 3785 quod
521 3699 712 3764 Teuffelius
748 3702 911 3767 alterutra
943 3704 1088 3768 lectione
1112 3719 1250 3770 servata
1274 3720 1389 3772 tamen

211 3804 365 3890 singulos
412 3829 530 3872 versus
566 3829 674 3893 usque
710 3830 750 3872 eo
772 3831 841 3875 non
880 3812 913 3874 in
953 3813 1195 3877 sententiarum
1234 3827 1388 3879 tenorem

212 3913 388 3998 quadrare
426 3914 564 3993 iudicat,
603 3928 640 3979 ut
679 3937 743 3980 nec
783 3920 899 4004 priore
928 3941 1087 3983 versuum
1111 3921 1199 3984 serie
1224 3933 1296 3986 tota
1321 3922 1391 3986 dis-

209 4021 347 4105 putatio
370 4032 450 4108 apte
475 4023 653 4100 clauditur,
677 4046 741 4090 nec
765 4025 872 4090 altera
896 4026 941 4089 ad
964 4028 1207 4110 praecedentia
1231 4031 1315 4093 scite
1328 4030 1390 4093 ad-

211 4140 379 4192 nectatur.
438 4127 761 4216 Circumspiciamus
808 4154 897 4197 nunc
944 4134 1118 4219 paulisper
1160 4136 1284 4200 satirae
1321 4138 1391 4202 dis-

212 4255 421 4264 ...--.--.-

275 4304 304 4373 ⁴¹)
323 4307 408 4362 Rheu.
428 4308 498 4360 Mus
518 4307 568 4360 XX
588 4324 649 4376 pag.
672 4313 731 4364 153.

262 4393 304 4462 **)
324 4395 339 4448 l.
361 4412 382 4448 c.
402 4412 464 4464 pag.
487 4397 530 4451 14.
