3282 5152
655 469 877 532 .-13-

181 655 340 741 spexerit.
380 651 435 716 Ac
452 650 597 736 primum
614 648 752 734 quidem
767 657 870 731 poeta
894 644 1013 729 paucis
1027 643 1140 708 verbis
1154 644 1222 725 (vv.
1235 645 1359 725 1-22)

182 763 405 836 demonstrat,
430 779 515 845 quas
538 756 751 841 potissimum
767 775 821 817 res
846 750 909 816 sibi
922 750 1109 816 narrandas
1123 752 1357 834 proposuerit:

181 868 352 954 Perpauci
375 866 527 929 homines
551 885 634 927 vera
651 874 685 926 et
709 873 851 925 externa
874 857 964 923 bona
985 858 1179 922 discernere
1204 871 1358 942 possunt.

182 977 273 1041 Nam
302 973 476 1054 ,nocitura
502 982 596 1057 toga,
621 970 778 1033 nocitura
802 979 966 1051 petuntur
1001 966 1149 1030 militia“.
1196 965 1354 1052 Plerique

182 1083 283 1147 nimia
299 1080 465 1165 pecuniae
490 1099 573 1142 cura
596 1076 862 1162 strangulantur.
910 1073 966 1137 Ab
990 1076 1056 1137 hac
1077 1095 1113 1137 re
1137 1074 1360 1157 proficiscens

185 1191 306 1254 eodem
336 1188 438 1251 modo
469 1208 538 1272 quo
571 1186 605 1248 in
634 1184 738 1249 satira
769 1182 985 1267 VHproeta
1014 1181 1092 1246 inde
1122 1203 1142 1244 a
1170 1203 1202 1244 V.
1229 1183 1271 1248 23
1303 1205 1360 1247 res

183 1296 375 1384 propositas
399 1294 502 1379 paulo
527 1293 624 1356 latius
649 1291 799 1375 exponit.
849 1288 1001 1353 Exordio
1030 1300 1144 1353 autem
1177 1291 1360 1354 terminato

185 1417 321 1489 poetam
347 1425 402 1465 vv.
429 1401 469 1464 54
495 1411 529 1462 et
553 1398 594 1462 55
619 1421 639 1462 a
663 1397 872 1462 diverticulis
896 1396 940 1459 ad
967 1417 1041 1460 earn
1065 1395 1155 1460 unde
1180 1418 1275 1461 orsus
1307 1411 1362 1462 est

184 1511 383 1574 sententiam
424 1508 515 1572 haud
557 1508 672 1591 inepte
712 1505 822 1568 redire
861 1503 1131 1582 Vahlenus*)
1171 1505 1358 1569 rectissime

184 1618 309 1682 docuit.
357 1615 448 1679 Nam
472 1615 561 1678 votis
584 1614 758 1676 hominum
780 1610 935 1675 inanibus
949 1613 1111 1696 expositis
1123 1613 1360 1697 quaestionem

184 1725 312 1789 claudit
355 1723 523 1786 sententia
565 1721 740 1782 universa:
792 1719 905 1804 „Ergo
953 1740 1168 1803 supervacua
1207 1733 1266 1784 aut
1304 1721 1360 1784 vel

185 1830 381 1916 perniciosa
420 1831 619 1912 petuntur“‚
659 1847 726 1911 qua
766 1826 903 1912 quidem
950 1839 1054 1910 poeta
1102 1827 1146 1891 ad
1192 1849 1357 1890 summam

187 1935 407 2020 diputationis
441 1939 507 2016 (vv.
549 1935 668 2014 luta)
705 1935 851 2018 respicit.
898 1933 981 1996 Inde
1017 1955 1036 1996 a
1072 1957 1103 1998 v.
1141 1935 1182 1998 56
1219 1935 1262 1998 ad
1287 1957 1359 1998 rem

187 2045 295 2128 ipsam
321 2042 491 2127 copiosius
515 2042 730 2106 tractandam
754 2042 877 2126 pergit.
913 2039 982 2104 Sed
1006 2041 1083 2104 inv.
1099 2041 1139 2104 56
1153 2043 1360 2127 explicando

183 2151 338 2236 plerique
383 2150 585 2234 interpretes
624 2149 773 2212 haerent.
831 2147 1005 2211 Vahlenus
1041 2149 1178 2234 quidem
1225 2150 1362 2212 reiectis

185 2257 477 2321 emendationibus
515 2255 730 2319 Lachmanni
776 2266 809 2316 et
855 2253 1022 2340 Madvigii
1068 2253 1266 2339 juvenalem
1314 2256 1362 2320 ita

185 2365 359 2448 scripsisse
383 2363 522 2426 conicit:

279 2487 392 2574 „Ergo
416 2507 632 2572 supervacua
655 2501 714 2552 aut
739 2485 826 2573 [sibi]
851 2487 1044 2571 perniciosa
1068 2491 1277 2571 petunt'nec

274 2593 423 2679 Propter
447 2616 535 2680 quae
562 2593 611 2658 fas
636 2607 686 2658 est
710 2616 822 2681 genua
846 2596 1000 2658 incerare
1025 2593 1196 2658 deorum.“

293 2719 362 2784 Sed
402 2720 484 2784 illud
523 2732 665 2805 „petunt
704 2725 802 2797 nec“,
841 2720 934 2805 quod
973 2742 992 2782 a
1031 2721 1177 2805 genuina
1215 2721 1363 2785 lectione

190 2833 404 2911 ,petuntur“‚
440 2850 542 2913 quam
566 2841 600 2891 et
625 2830 738 2893 codex
773 2827 981 2892 Pithoeanus
1018 2839 1051 2890 et
1086 2827 1209 2891 lemma
1243 2831 1361 2892 scholii

188 2933 369 3010 exhibent,
405 2934 537 3021 longius
575 2937 739 3012 discedit,
786 2936 865 2998 mihi
889 2934 1067 2998 Vahlenus
1114 2956 1181 2998 non
1222 2957 1363 3020 prorsus

187 3040 357 3128 probavit.
418 3042 514 3129 Ergo
550 3044 880 3128 circumspiciamus,
921 3043 1093 3127 quomodo
1133 3045 1166 3107 hi
1192 3045 1362 3122 versiculi,

186 3149 245 3233 qui
295 3149 448 3213 homines
496 3151 631 3214 criticos
677 3150 971 3214 vehementissime
1010 3164 1236 3228 vexaverunt,
1284 3173 1362 3216 cum

188 3255 405 3341 sequentium
430 3259 602 3321 sententiis
627 3259 844 3321 cohaereant.
891 3256 1041 3321 Primum
1056 3280 1140 3342 opes
1165 3271 1199 3322 et
1215 3260 1363 3324 honores

187 3375 354 3448 appetere
390 3365 618 3447 perniciosum
651 3385 725 3428 esse
749 3377 851 3448 poeta
875 3363 989 3429 Seiani
1021 3366 1178 3450 exemplo
1208 3366 1360 3430 illustrat.

188 3467 267 3531 Non
324 3471 433 3533 minus
487 3468 715 3556 eloquentiam
748 3474 911 3557 perniciei
964 3494 1039 3537 esse
1095 3471 1272 3537 Ciceronis
1328 3485 1363 3536 et

188 3573 427 3639 Demosthenis
451 3577 541 3640 vitae
566 3578 658 3642 exitu
682 3578 944 3644 demonstratur.
992 3580 1125 3644 Eadem
1158 3601 1259 3643 causa
1288 3580 1362 3643 laus

188 3680 323 3759 bellica,
346 3684 417 3747 vita
439 3683 554 3770 longa,
578 3685 795 3769 pulchritudo
818 3707 886 3749 non
909 3686 1107 3771 appetenda
1135 3698 1222 3749 sunt.
1270 3685 1362 3748 Tum

188 3788 315 3872 repetit
338 3803 441 3873 poeta
466 3812 633 3855 summam
658 3794 839 3876 superioris
864 3793 1102 3878 disputationis
1127 3816 1158 3856 v.
1177 3794 1256 3855 340:
1285 3792 1361 3872 ,Nil

189 3917 271 3982 ergo
296 3895 465 3980 optabunt
476 3897 668 3962 homines?“
706 3898 861 3963 Eandem
878 3900 953 3964 tere
978 3901 1180 3963 sententiam
1204 3901 1237 3962 in
1261 3922 1292 3963 v.
1319 3900 1362 3963 55

194 4015 355 4089 ,propter
379 4024 467 4088 quae
491 4009 552 4050 —“
579 4006 688 4070 inesse
713 4006 813 4069 facile
839 4007 1068 4092 cognoscitur.
1115 4006 1250 4069 Etenim
1269 4030 1300 4070 v.
1319 4008 1361 4070 54

195 4129 295 4195 ,ergo
324 4149 360 4157 —
386 4115 567 4195 petuntur“
605 4112 814 4199 digressione
847 4111 1004 4176 absoluta
1031 4126 1145 4197 poeta,
1182 4124 1219 4177 ut
1243 4114 1363 4178 melius

190 4215 235 4277 ad
262 4239 332 4280 rem
355 4219 568 4304 propositam
597 4220 758 4306 progredi
781 4221 899 4305 possit,
925 4241 1091 4284 summam
1119 4221 1358 4306 disputationis

191 4321 329 4408 colligit.
374 4326 493 4412 Itaque
519 4326 546 4390 si
569 4339 648 4412 post
672 4350 703 4391 v.
729 4326 769 4390 55
795 4329 1027 4414 interrogandi
1051 4329 1213 4394 indicium
1237 4330 1361 4393 facies:

193 4441 354 4514 ,propter
391 4455 479 4519 quae
520 4435 569 4498 sas
607 4448 658 4499 est
700 4474 739 4482 -
786 4435 989 4513 deorum?“,
1037 4449 1116 4522 apte
1166 4437 1362 4522 colligatam

189 4543 399 4550 —————
