3282 5152
749 473 970 534 ...22-

240 652 245 661 '
273 649 430 716 Weiseus
451 651 494 715 de
518 653 583 714 hac
607 649 780 734 Juvenalis
805 649 1049 714 consuetudine
1074 649 1302 734 componendi
1330 649 1449 734 dispu-

225 840 227 842 .
270 761 367 824 tavit.
414 759 485 836 Qui
508 758 644 844 quidem
677 760 743 824 hoc
775 759 878 824 docet
900 771 1039 843 poetam
1063 757 1172 822 solere
1196 757 1344 843 singulas
1368 757 1450 821 sati-

271 889 386 932 rarum
408 879 524 952 partes
547 866 645 930 nullis
669 863 964 946 coniunctionibus
987 864 1147 928 adhibitis
1183 884 1388 948 componere
1412 877 1448 929 et

270 995 439 1060 persaepe
476 995 496 1036 a
531 974 710 1058 proposito
745 973 889 1059 digredi.
936 971 1007 1037 Sed
1038 971 1198 1057 exempla
1222 985 1256 1035 et
1279 969 1447 1056 abruptae

272 1103 373 1162 quam
397 1094 500 1145 vocat
524 1080 684 1144 orationis
702 1093 736 1143 et
753 1080 1000 1166 digressionum
1017 1079 1276 1172 quamplurima
1294 1080 1446 1144 attulisse

273 1189 356 1253 satis
379 1187 483 1252 habet
506 1209 617 1274 neque
642 1188 808 1251 rationem
831 1199 865 1251 et
889 1186 1065 1251 consilium
1089 1187 1173 1250 illius
1190 1187 1446 1251 consuetudinis

269 1296 464 1360 accuratius
493 1294 667 1379 explicare
703 1306 858 1359 conatur.
906 1293 1010 1369 Quod
1047 1315 1124 1358 cum
1159 1294 1206 1357 ita
1241 1295 1294 1370 sit,
1319 1316 1446 1379 operae

270 1404 419 1487 pretium
442 1423 516 1466 esse
548 1401 682 1466 videtur
710 1401 822 1465 denuo
847 1402 889 1465 de
914 1402 978 1465 hac
1002 1400 1176 1484 Juvenalis
1199 1414 1273 1465 arte
1304 1423 1447 1488 compo-

271 1511 373 1573 nendi
396 1509 516 1594 paucis
540 1510 717 1573 disserere.

316 1611 319 1618 ¹
379 1617 418 1681 ld
441 1618 530 1680 enim
553 1617 698 1680 maxime
722 1617 900 1701 proprium
916 1616 1089 1701 Juvenalis
1113 1637 1187 1680 esse
1212 1617 1348 1681 videtur
1371 1637 1447 1700 sen-

272 1725 413 1789 tentiam
447 1723 644 1810 generalem
678 1717 913 1809 singularibus
931 1722 1033 1788 rebus
1065 1724 1229 1787 enarratis
1253 1725 1445 1788 accuratius

271 1831 447 1916 explicare
472 1845 505 1894 et
530 1831 695 1916 exemplis
718 1809 950 1916 compluribus
966 1831 1108 1916 prolatis
1120 1831 1251 1915 plenius
1268 1831 1446 1894 illustrare.

271 1938 310 2001 In
335 1939 382 2002 eis
407 1959 490 2002 vero
514 1937 616 2001 rebus
640 1939 885 2022 persequendis
909 1949 1038 2000 tantam
1069 1939 1276 2023 diligentiam
1307 1938 1447 2002 adhibet

272 2057 388 2130 poeta,
413 2057 449 2107 ut
481 2065 542 2108 eae
579 2044 674 2129 quasi
708 2045 816 2108 oculis
852 2044 1007 2108 obiectae
1036 2044 1134 2108 nobis
1160 2045 1338 2108 videantur
1361 2066 1444 2108 esse.

274 2151 355 2228 Qua
379 2153 517 2237 quidem
541 2174 577 2215 re
605 2173 810 2237 quamquam
834 2152 998 2235 maximas
1023 2153 1201 2216 satirarum
1225 2138 1443 2214 amoenitates

272 2271 365 2322 ortas
397 2280 471 2322 esse
506 2259 607 2324 facile
644 2259 874 2333 concedimus,
911 2272 1024 2321 tamen
1060 2279 1302 2342 saepenumero
1334 2258 1380 2338 fit,
1405 2272 1442 2320 ut

271 2367 383 2429 ieiuna
408 2378 442 2428 et
466 2366 625 2452 languida
651 2365 876 2450 explicatione
900 2366 1030 2429 animos
1053 2378 1189 2429 nostros
1215 2365 1383 2451 defatiget
1413 2377 1447 2428 et

273 2473 437 2557 imprimis
472 2473 672 2536 narrationis
715 2472 987 2557 progressionem
1022 2485 1174 2535 moretur
1209 2485 1243 2536 et
1285 2472 1448 2535 retardet.

274 2580 311 2643 In
336 2580 438 2642 satira
462 2579 511 2642 VI
543 2579 681 2663 quidem
711 2579 789 2642 inde
814 2599 834 2642 a
868 2601 900 2642 v.
925 2580 986 2641 261
1015 2579 1189 2642 mulierum
1213 2579 1448 2642 Romanarum

274 2673 496 2770 cupiditatem
519 2687 552 2748 in
576 2707 714 2750 arenam
738 2685 970 2758 descendendi
994 2686 1145 2751 denotat.
1191 2685 1356 2749 Extrema
1380 2684 1446 2748 hac

273 2794 307 2856 in
320 2793 547 2878 descriptione
559 2804 663 2877 poeta
679 2795 796 2877 paucis
812 2793 906 2856 lineis
923 2814 1039 2856 veram
1057 2807 1090 2857 et
1106 2795 1254 2858 vividam
1266 2792 1448 2878 imaginem

272 2900 349 2964 talis
372 2899 518 2964 mulieris
542 2900 764 2986 gladiatoriae
789 2900 970 2966 adumbrat
992 2901 1086 2964 hisce
1110 2901 1279 2965 versibus:

382 3006 542 3092 „Aspice
568 3027 637 3093 quo
662 3007 794 3070 fremitu
820 3020 1024 3072 monstratos
1047 3009 1202 3092 perferat
1238 3009 1366 3083 ictus,

385 3113 451 3192 „Et
473 3127 603 3198 quanto
626 3114 746 3200 galeae
771 3127 931 3178 curvetur
953 3115 1117 3199 pondere,
1141 3127 1269 3199 quanta

384 3219 595 3306 „Poplitibus
620 3221 738 3285 sedeat
769 3244 871 3307 quarn
895 3222 1000 3285 denso
1017 3223 1124 3286 fascia
1137 3220 1235 3299 librn,

390 3327 454 3408 „Et
478 3328 561 3405 ride,
585 3328 703 3413 positis
728 3330 906 3413 scaphium
933 3350 1035 3413 quum
1060 3330 1201 3394 sumitur
1224 3331 1355 3393 armis.“

274 3434 428 3520 Itemque
452 3434 625 3519 Juvenalis
649 3436 681 3496 in
704 3437 830 3499 satirae
854 3435 870 3499 I
893 3459 948 3499 vv.
976 3436 1014 3507 75
1040 3448 1074 3499 et
1093 3436 1132 3506 76
1157 3459 1224 3501 non
1248 3435 1328 3499 satis
1344 3433 1448 3498 habet

277 3543 406 3620 hortm,
453 3545 638 3626 praetoria,
662 3566 796 3609 mensas
846 3567 1073 3624 enumerasse,
1111 3547 1269 3632 poculum
1294 3537 1448 3630 quamvis

277 3650 397 3734 paucis
421 3649 534 3714 verbis
567 3663 681 3715 tamen
715 3663 784 3716 tam
821 3653 959 3738 egregie
989 3653 1153 3739 depingit,
1177 3664 1214 3715 ut
1237 3653 1271 3715 in
1295 3652 1448 3718 manibus

276 3757 375 3842 quasi
399 3768 565 3820 teneatur.
612 3757 791 3822 Postremo
829 3759 862 3820 in
902 3759 1163 3845 disputationem
1199 3761 1374 3824 vocandus
1398 3771 1448 3823 est

276 3864 384 3941 locus,
409 3864 466 3949 qui
490 3876 602 3929 exstat
626 3866 660 3927 in
683 3867 806 3929 satirae
831 3866 862 3929 ΙΙ
878 3890 909 3930 v.
937 3869 977 3930 86
1003 3887 1075 3952 sqq.
1099 3866 1156 3931 ubi
1183 3867 1313 3955 „Orgia
1330 3866 1448 3930 Bonae

276 3969 407 4048 Deae“,
443 3993 531 4056 quae
566 3973 626 4035 viri
666 3972 851 4038 effeminati
891 3973 1090 4038 muliebrem
1129 3975 1163 4038 in
1197 3977 1337 4040 modum
1376 3984 1448 4035 tum

277 4077 391 4141 colere
435 4076 601 4154 solebant,
647 4079 793 4162 primum
845 4080 1001 4144 universe
1034 4079 1181 4146 describi
1226 4082 1448 4146 rectissimme

277 4182 572 4270 Weidnerus*)
612 4186 769 4250 ostendit.
794 4185 885 4251 Tum
908 4209 929 4251 a
952 4211 985 4251 v.
1022 4188 1063 4252 93
1096 4201 1200 4274 poeta
1231 4190 1316 4252 haec
1352 4188 1449 4273 orgia

278 4292 473 4355 accuratius
496 4293 670 4377 explicare
686 4294 811 4380 pergit.
837 4294 874 4356 In
887 4317 942 4358 vv.
957 4296 995 4358 91
1014 4308 1048 4360 et
1064 4296 1104 4360 92
1130 4293 1449 4377 Ribbeckius**)

340 4433 365 4498 *l
385 4438 518 4486 comment
536 4433 564 4486 in
584 4434 709 4488 Juvenal.
729 4434 835 4487 satiras

332 4522 371 4586 **)
391 4523 408 4576 l.
429 4538 449 4574 e.
469 4538 524 4590 pag
546 4525 604 4577 138.
