3282 5152
740 483 784 492 ..
830 447 872 509 34

281 722 285 733 Ι
373 639 470 704 Haec
494 640 565 705 fere
590 654 677 719 sunt,
702 663 791 727 quae
815 644 858 707 de
883 643 1057 727 Juvenalis
1082 658 1154 710 arte
1184 646 1456 730 compositionis.

264 749 434 813 monenda
469 749 581 813 habui.
629 749 678 814 Ut
712 750 778 814 iam
819 749 969 815 breviter
1004 752 1223 837 complectar,
1261 774 1349 837 quae
1376 753 1449 816 dis-

264 858 441 942 putatione
465 858 577 922 adhuc
594 858 777 922 illustrasse
794 857 891 922 nobis
907 859 1071 934 videmur,
1097 881 1226 923 summa
1243 861 1329 923 haec
1361 862 1445 924 erit:

370 966 543 1050 Juvenalis
575 987 687 1051 quum,
714 966 820 1030 multa
848 988 946 1030 suum
971 967 1143 1053 ingenium
1167 979 1201 1031 et
1225 967 1441 1052 disciplinam

264 1074 469 1137 rhetoricam
509 1085 645 1136 secutus
683 1073 779 1137 novis
819 1086 853 1137 et
888 1074 1028 1138 insolitis
1069 1075 1179 1138 modis
1216 1087 1443 1158 componeret
1496 1091 1500 1095 ·

264 1179 494 1266 compluribus
519 1180 601 1245 locis
626 1201 703 1244 cum
726 1181 961 1266 perspicuitati
978 1193 1051 1245 tum
1070 1182 1259 1268 elegantiae
1276 1182 1443 1246 orationis

262 1309 424 1374 magnum
455 1289 694 1353 detrimentum
729 1289 850 1365 attulit,
879 1310 990 1375 neque
1026 1289 1128 1353 licere
1163 1288 1261 1352 nobis
1292 1288 1441 1366 videtur,
1516 1281 1520 1292 ¹

262 1395 370 1460 sicubi
393 1397 576 1460 sententias
600 1397 710 1459 minus
733 1397 943 1460 necessarias
966 1408 1024 1460 aut
1047 1415 1320 1481 supervacaneas
1344 1396 1442 1481 apud

263 1526 341 1568 eum
359 1505 656 1591 deprehendimus,
670 1505 733 1567 has
745 1515 782 1565 ut
795 1505 958 1569 orationis
971 1504 1188 1568 concinnitati
1205 1515 1441 1590 repugnantes

263 1623 403 1676 etextu
439 1611 559 1676 eicere.
608 1611 699 1675 Nam
722 1613 847 1676 multae
872 1611 1101 1696 difficultates
1127 1610 1248 1697 quibus
1265 1611 1327 1672 viri
1343 1609 1437 1674 docti

262 1720 386 1784 offensi
425 1731 513 1797 sunt,
548 1732 644 1784 recta
679 1721 956 1805 interpretatione
992 1741 1010 1783 e
1046 1719 1158 1782 medio
1187 1717 1258 1781 tolli
1282 1729 1435 1802 possunt,

261 1849 372 1913 neque
396 1826 579 1892 Ribbeckii
602 1829 841 1893 violentissima
865 1828 994 1890 ratione
1020 1827 1137 1890 critica
1154 1847 1266 1911 neque
1277 1823 1439 1888 Teuffelii

261 1934 406 2019 duplicis
442 1937 648 2000 recensionis
683 1935 814 1998 ratione
839 1934 963 1997 adeas
987 1933 1213 1997 removendas
1249 1953 1336 2018 opus
1361 1952 1437 2022 esse

259 2041 358 2106 nobis
381 2041 519 2126 quidem
541 2043 682 2107 videtur.
