3282 5152
713 464 907 527 „9-

223 658 364 722 omnino
388 657 512 723 oblitus
536 659 569 722 in
593 670 700 723 totum
715 658 880 722 eiusmodi
895 659 1068 723 hominum
1083 679 1194 745 genus
1218 660 1404 728 invehatur.

226 763 309 828 Inde
333 766 381 842 fit,
405 778 442 828 ut
465 766 599 850 saepius
621 786 690 828 uno
718 763 907 850 eodemque
930 787 1031 830 versu
1070 765 1125 829 vel
1148 765 1282 831 duobus
1311 767 1406 831 deln-

227 892 312 956 ceps
333 872 508 936 versiculis
531 892 691 935 numerus
705 871 882 956 singularis
897 893 975 936 cum
987 872 1110 956 plurali
1122 873 1401 954 confundatur:*)

230 979 430 1065 ,deterges“
458 982 500 1058 (v.
525 980 579 1060 27)
604 1015 646 1025 -
675 979 785 1058 ,inter
803 982 884 1041 vos“
913 981 955 1059 (v.
981 980 1051 1058 28);
1077 980 1119 1061 (v.
1134 978 1189 1060 52)
1207 979 1402 1059 ,vostibi“3

227 1089 274 1166 (v.
303 1086 377 1167 169)
405 1087 562 1170 „tacetis“
589 1115 622 1123 -
651 1087 723 1165 „te“
752 1086 797 1167 (v.
827 1085 912 1170 170).
959 1084 1053 1161 Quid
1076 1086 1170 1172 quod
1202 1097 1306 1171 poeta
1340 1109 1404 1171 pro

223 1214 376 1277 persona
399 1192 548 1256 secunda
564 1193 670 1256 utitur
694 1192 810 1256 tertia:
839 1193 974 1276 „aspice
992 1214 1095 1277 quam
1111 1193 1214 1278 longo
1231 1193 1404 1257 distendat

226 1311 368 1384 pectore
390 1300 541 1364 lancem“
570 1302 630 1381 (sc.
654 1299 831 1380 Trebium)
856 1299 902 1384 (v.
931 1299 1009 1380 803?
1034 1299 1112 1364 Huc
1137 1300 1283 1377 accedit,
1309 1301 1404 1386 quod

226 1418 329 1490 poeta
356 1407 391 1469 id
417 1408 563 1470 maxime
599 1407 709 1492 egisse
749 1406 896 1482 videtur,
937 1417 974 1469 ut
1009 1406 1169 1470 vilissimo
1213 1407 1258 1470 illi
1290 1407 1404 1472 clienti

226 1513 354 1577 Trebio
378 1513 624 1598 impudentiam
648 1512 807 1598 obiceret}
821 1513 920 1598 eique
937 1514 1144 1590 ostenderet,
1169 1535 1273 1599 quam
1290 1515 1403 1600 inique

223 1641 285 1683 rex
309 1633 345 1684 ut
369 1620 451 1684 alias
476 1621 522 1684 ita
545 1622 579 1682 in
603 1620 760 1705 proxima
797 1640 883 1682 cena
914 1632 1033 1683 contra
1062 1641 1144 1698 ,eum
1178 1641 1214 1684 se
1244 1633 1403 1706 gesturus

92 1745 114 1800 ,·
222 1740 326 1790 esset.
372 1728 467 1812 Ergo
492 1738 596 1811 poeta
620 1726 663 1790 de
687 1748 728 1790 eo
753 1738 883 1789 tantum
919 1727 1011 1803 dicit,
1044 1727 1138 1812 quod
1161 1728 1313 1790 futurum
1340 1741 1402 1806 est,

226 1855 338 1917 neque
370 1834 413 1897 de
438 1855 523 1897 cena
549 1845 645 1896 certa
675 1833 896 1918 cogitandum
926 1854 999 1897 csse
1024 1834 1167 1898 videtur.
1176 1835 1221 1915 **)
1269 1835 1402 1899 Idcirco

226 1940 352 2023 passim
374 1960 438 2023 per
461 1952 568 2004 totam
591 1940 728 2003 satiram
751 1954 908 2024 tempora
931 1941 1047 2004 futura
1072 1940 1168 2004 nobis
1200 1956 1401 2006 occurrunt:

230 2046 413 2126 „siccabis“
440 2049 485 2132 (v.
512 2048 578 2130 47),
618 2048 751 2128 ,dabit“
780 2065 823 2128 (v.
849 2048 915 2128 53),
949 2048 1092 2128 „olebit“
1121 2052 1164 2130 (v.
1191 2050 1258 2131 87),
1297 2052 1402 2133 ‚,erit“

175 2136 179 2143 ¹
226 2153 271 2238 (v.
296 2155 361 2232 92),
387 2155 610 2232 „tradentur“
636 2159 679 2235 (v.
708 2156 794 2235 116),
828 2154 1007 2232 ‚,duceris“
1041 2159 1083 2237 (v.
1112 2155 1196 2237 125),
1230 2166 1402 2242 „ponere“

226 2263 268 2340 (v.
286 2263 372 2342 126),
397 2270 611 2346 ‚‚ponentur“
626 2266 669 2342 (v.
690 2263 776 2346 llo),
802 2260 975 2337 „iubebit“
1001 2265 1043 2342 (v.
1065 2263 1151 2346 149),
1176 2263 1402 2348 ‚,praebebis“

227 2370 272 2446 (v.
302 2368 386 2446 172).
410 2368 537 2432 Vivida
560 2382 674 2432 autem
698 2379 732 2431 et
749 2369 920 2432 concitata
931 2369 1084 2432 oratione
1098 2369 1183 2433 haec
1195 2371 1311 2434 futura
1325 2393 1402 2435 cum

229 2474 466 2558 praesentibus
478 2475 690 2560 temporibus
705 2497 803 2538 nemo
820 2475 912 2560 quod
929 2477 1122 2554 miscentur,
1146 2477 1330 2542 mirabitur.
1337 2479 1402 2560 ***)
1425 2469 1426 2474 ¹

230 2581 367 2658 Quodsi
379 2582 582 2666 Juvenalem
608 2604 729 2647 cenam
752 2586 900 2646 luturam
918 2583 1113 2649 describere
1126 2596 1279 2648 tenemus
1291 2605 1402 2670 neque

229 2688 459 2754 obliviscimur
484 2690 621 2754 satiram
645 2689 805 2752 leviorem
831 2690 1050 2775 epistolarum
1072 2690 1402 2769 sormamexhibere,

230 2796 364 2859 minime
388 2798 421 2859 in
445 2819 486 2860 eo
511 2797 688 2860 offendere
713 2818 904 2881 possumuS,
929 2796 1022 2881 quod
1038 2818 1106 2860 non
1120 2796 1245 2882 ubique
1270 2799 1403 2884 singula

134 2954 142 2970 .
231 2903 430 2966 narrationis
454 2903 606 2968 membra
629 2904 662 2966 in
691 2916 823 2967 rectum
855 2915 1049 2987 temporum
1076 2904 1229 2968 ordinem
1260 2905 1402 2969 redacta

229 3020 315 3073 sunt.
362 3009 412 3072 lta
446 3011 479 3072 in
518 3011 641 3074 satirae
681 3011 774 3074 initio
809 3023 924 3094 poeta,
964 3011 1064 3095 quale
1104 3011 1217 3073 vinum
1251 3013 1402 3095 parasito

227 3129 432 3202 apponatur,
458 3119 598 3203 exponit
621 3118 786 3204 simulque
810 3119 982 3202 aptissime
1006 3118 1199 3196 adumbrat,
1222 3118 1305 3203 quid
1321 3118 1402 3182 illud

227 3224 323 3310 apud
346 3225 503 3289 clientem
527 3227 648 3291 valeat.
697 3224 770 3289 Has
787 3225 870 3289 duas
895 3247 949 3288 res
973 3247 1041 3290 non
1053 3227 1140 3290 inter
1152 3247 1188 3289 se
1202 3225 1402 3289 coniunctas

226 3353 303 3396 esse
327 3331 541 3396 Ribbeckius
564 3332 663 3397 nobis
686 3353 755 3395 non
779 3332 955 3416 persuasit.
1001 3331 1091 3395 Nam
1115 3333 1179 3395 hoc
1203 3331 1274 3394 fere
1298 3332 1401 3396 modo

228 3439 309 3503 illud
336 3440 398 3520 ,de
435 3441 580 3504 conviva
615 3438 815 3526 Corybanta
851 3439 1003 3504 videbis“
1028 3441 1072 3523 (v.
1098 3439 1153 3523 25)
1186 3439 1403 3524 interpretari

228 3545 320 3609 licet:
346 3545 461 3611 Cliens
485 3547 564 3609 vino
588 3560 753 3632 percepto
779 3559 848 3611 tam
872 3546 984 3611 ebrius
1007 3547 1076 3624 fiet,
1101 3554 1138 3611 ut
1164 3546 1402 3632 Corybantum

221 3673 322 3716 more
346 3675 381 3716 se
405 3675 526 3739 gerere
551 3653 714 3718 videatur.
723 3655 754 3737 ξ)
794 3652 956 3718 Profecto
981 3655 1045 3717 ista
1069 3653 1210 3738 eclogae
1234 3653 1402 3736 particula

287 3777 315 3842 *)
334 3778 421 3832 Valde
449 3779 585 3845 miremur,
615 3777 685 3843 quod
714 3776 882 3844 Ribbecklus‚
911 3777 958 3844 qui
978 3777 1042 3830 alibi
1070 3777 1143 3828 hune
1175 3791 1251 3828 usum
1278 3777 1401 3844 agnoseit

334 3866 550 3934 Juvennlianuur,
571 3867 658 3919 hocin
668 3866 725 3918 loeo
735 3867 774 3918 ita
788 3865 905 3933 offendit,
925 3871 956 3918 ut
968 3866 1055 3919 exilla
1074 3881 1103 3918 re
1123 3865 1227 3934 spurios
1247 3881 1303 3918 esse
1322 3866 1401 3918 hosce

334 3971 426 4009 versus
447 3957 571 4010 coniciet.

272 4044 311 4110 **)
332 4045 536 4098 Schoenalohius
556 4045 584 4110 (l.
604 4049 637 4109 o.)
658 4050 685 4098 et
704 4045 873 4112 Mosengelus
892 4045 918 4112 (l.
937 4048 970 4108 o.)
991 4045 1040 4097 hoc
1059 4043 1206 4097 rectissime
1225 4043 1258 4095 ad
1278 4042 1401 4097 Teuffelii

333 4135 365 4187 de
384 4134 488 4201 duplice
506 4135 658 4188 recensione
677 4134 839 4187 sententiam
858 4133 1028 4186 relellendam
1048 4139 1217 4185 monuerunt.

252 4221 311 4286 ***)
332 4224 424 4289 Aeque
442 4223 457 4275 Ι
477 4224 629 4277 155--1572
651 4222 768 4290 „lucebis
787 4253 820 4260 -
840 4222 965 4276 deducis“
985 4222 1132 4288 composita
1151 4229 1223 4274 sunt.

288 4311 314 4380 ξ)
335 4313 387 4364 Cur
414 4312 561 4366 Ribbeokio
591 4315 621 4377 (l.
649 4329 670 4365 c.
699 4329 761 4380 pag.
793 4311 854 4378 140)
882 4313 931 4364 hoe
959 4312 1016 4365 loco
1035 4311 1176 4365 ,luvenalis
1195 4317 1338 4380 ,.torquot·‘
1358 4311 1400 4364 vel

334 4403 492 4468 „torqueat“
513 4418 560 4470 pro
580 4409 725 4472 „torques‘
746 4407 782 4466 (v.
802 4401 847 4466 26)
868 4402 1004 4467 scripsisse
1023 4401 1156 4467 videatur,
1177 4400 1333 4468 intellegere
1347 4415 1399 4452 non

332 4505 448 4556 possum.
