3282 5152
743 469 941 532 ..8-

248 661 359 746 qualis
384 663 626 727 sententiarum
650 684 757 728 nexus
783 677 817 728 et
832 665 1030 751 progressio
1055 663 1098 728 ab
1116 664 1189 748 ipso
1204 666 1247 728 sit
1259 667 1431 757 protecta,

250 790 353 853 quam
376 769 568 852 planissime
593 770 804 838 illustremus,
844 770 942 836 Haec
959 771 1061 857 igitur
1073 772 1232 856 praefati,
1258 794 1428 858 quaenam

253 875 434 938 satirarum
480 877 611 960 species
662 889 764 963 atque
809 878 986 963 dispositio
1032 879 1075 942 sit
1120 879 1327 965 investigare
1372 902 1432 944 ex-

249 982 432 1067 periamur.
480 982 596 1068 Atque
620 983 782 1068 plurimas
806 985 928 1049 satiras
952 996 1055 1069 poeta
1080 986 1301 1069 epistolarum
1318 987 1430 1050 forma

249 1090 369 1166 induit,
394 1090 521 1175 quippe
546 1112 613 1175 qua
638 1091 849 1156 commodius
874 1103 908 1155 et
932 1093 1121 1178 elegantius
1144 1093 1318 1156 hominum
1349 1095 1430 1158 vitia

250 1208 410 1282 retegere
445 1210 571 1281 posset.
618 1197 655 1260 In
680 1199 813 1262 duabus
838 1220 920 1263 vero
944 1200 1055 1263 satiris
1079 1197 1167 1262 XIV
1191 1213 1226 1263 et
1251 1199 1319 1264 XV
1342 1204 1429 1266 haec

250 1304 363 1396 torma
409 1305 500 1367 nulla
539 1304 604 1367 alia
639 1299 679 1368 ¹re
722 1306 784 1368 nisi
831 1306 1034 1371 allocutione
1085 1308 1293 1385 continetur,
1341 1329 1429 1394 quae

250 1413 423 1497 quomodo
463 1433 542 1476 cum
580 1426 781 1499 argumento
820 1416 895 1498 ipso
935 1414 1036 1477 totius
1075 1415 1199 1478 satirae
1245 1416 1430 1479 cohaereat

252 1519 393 1606 intelligi
429 1541 497 1583 non
531 1532 657 1604 potest.
707 1520 813 1597 Quod
842 1521 980 1606 quidem
1007 1534 1110 1606 poeta
1139 1543 1216 1586 cum
1249 1523 1360 1586 multis
1395 1523 1428 1584 in

249 1628 323 1690 aliis
348 1628 458 1690 satiris
483 1627 624 1691 efficere
648 1641 792 1692 conatur
816 1639 886 1692 tum
910 1629 943 1690 in
967 1629 1071 1691 satira
1094 1628 1151 1704 ΙΙΙ,
1175 1650 1278 1713 quam
1303 1631 1428 1714 optime

251 1733 498 1797 conformatam
522 1755 597 1796 esse
629 1755 746 1797 omnes
776 1756 843 1798 uno
874 1734 967 1814 quasi
992 1755 1051 1797 ore
1076 1734 1138 1797 viri
1163 1734 1256 1799 docti
1280 1737 1368 1800 inter
1391 1757 1427 1800 se

250 1842 478 1905 consentiunt.
533 1839 642 1904 Poeta
677 1841 767 1903 enim
802 1840 1015 1905 Umbricium
1054 1842 1167 1904 Roma
1215 1863 1429 1928 egressurum

252 1969 360 2033 usque
385 1948 430 2011 ad
452 1965 588 2032 portam
614 1947 794 2032 Capenam
825 1961 1027 2032 prosecutus
1057 1949 1128 2013 eius
1153 1970 1275 2013 causas
1300 1949 1428 2014 Cumas
1511 1936 1528 1996 ἰ
1635 1961 1636 1972 ’

250 2056 438 2142 emigrandi
463 2077 499 2119 se
523 2056 718 2119 audientem
741 2055 848 2141 lingit.
895 2056 971 2126 Hac
988 2057 1071 2119 inre
1087 2078 1150 2140 per
1167 2069 1275 2120 totam
1291 2059 1428 2121 satiram

248 2162 313 2227 sibi
338 2175 494 2226 constare
519 2163 687 2225 studuisse
712 2163 806 2226 hisce
831 2184 873 2226 ex
898 2162 1054 2239 vocibus,
1085 2162 1207 2247 quihus
1232 2163 1427 2228 Umbricius

250 2281 389 2356 poetam
424 2270 617 2354 alloquitur,
653 2271 814 2355 cognosci
848 2281 980 2354 potest:
1021 2291 1082 2349 ,ne
1121 2270 1218 2334 nobis
1251 2270 1422 2334 blandiar“
1491 2335 1494 2340 ,

252 2380 297 2460 (v.
327 2377 413 2457 126),
440 2397 527 2455 „non
551 2397 665 2440 sumus
689 2397 774 2462 ergo
799 2376 920 2460 pares“
949 2380 993 2457 (v.
1023 2377 1097 2457 104)
1126 2378 1227 2462 „quid
1244 2389 1279 2442 te
1291 2381 1423 2442 moror“

252 2489 296 2565 (v.
326 2485 409 2565 183).
455 2483 701 2548 Verumtamen
724 2497 829 2568 poeta
853 2485 918 2548 hac
942 2485 1016 2568 ipsa
1049 2485 1082 2546 in
1117 2485 1219 2548 satira
1262 2485 1427 2548 nonnullis

250 2593 336 2656 locis
375 2592 518 2655 instituti
558 2591 724 2655 sermonis
760 2592 906 2654 formam
941 2591 1029 2655 adeo
1068 2613 1135 2655 non
1169 2606 1293 2666 servat,
1328 2604 1364 2654 ut
1388 2592 1430 2654 de

250 2699 436 2783 improviso
471 2698 625 2784 legentes
654 2699 848 2784 alloquatur
876 2711 913 2762 ut
942 2722 973 2761 v.
1006 2697 1047 2760 54
1077 2712 1112 2763 et
1140 2721 1169 2764 v.
1197 2699 1273 2775 223,
1309 2697 1430 2783 quibus
1518 2691 1520 2693 ⁵
1631 2736 1636 2762 r

248 2807 335 2870 locis
359 2807 467 2869 oratio
492 2805 605 2869 subita
637 2807 877 2869 adhortatione
909 2807 1175 2890 interrumpitur,
1211 2805 1430 2890 similiterque

250 2937 279 2980 v.
305 2915 367 2977 281
398 2934 500 2999 ,ergo
536 2935 603 2976 non
638 2913 736 2976 aliter
771 2914 898 2998 poterit
937 2914 1118 2990 dormire“,
1154 2915 1187 2975 in
1222 2935 1290 2998 quo
1329 2933 1431 2974 versu

249 3043 369 3088 omnes
404 3021 479 3100 fere
501 3021 719 3114 ¹interpretes
751 3020 863 3084 adhuc
896 3005 1087 3086 haeserunt.
1133 3019 1429 3103 Vahlenus*)

254 3131 382 3216 primus
406 3127 552 3191 dilucide
581 3127 793 3191 demonstrat
827 3128 909 3191 illud
932 3150 1044 3214 neque
1079 3149 1099 3190 a
1122 3139 1227 3211 poeta
1251 3149 1361 3213 neque
1385 3125 1429 3190 ab

251 3237 494 3301 interlocutore
519 3234 669 3320 quodam
692 3235 771 3313 dici,
802 3236 863 3299 sed
888 3235 1114 3300 conclusionis
1145 3235 1329 3298 formulam
1353 3255 1428 3297 esse

249 3344 342 3408 nulla
366 3343 431 3405 alia
455 3362 559 3406 causa
584 3342 771 3406 adhibitam
794 3344 856 3406 nisi
879 3356 916 3406 ut
941 3343 1111 3407 contraria
1132 3343 1301 3406 sententia
1315 3363 1346 3404 v.
1361 3341 1425 3403 282

254 3450 464 3516 commodius
489 3451 628 3514 adnecti
652 3451 771 3534 possit.
819 3449 920 3526 Quae
952 3451 979 3513 si
1014 3463 1107 3515 recte
1132 3450 1306 3534 explicata
1340 3461 1429 3512 sunt,

248 3559 353 3622 etiam
376 3559 649 3644 interrogationis
673 3560 805 3644 signum
829 3559 1012 3622 delendum
1037 3580 1111 3622 esse
1136 3579 1198 3643 per
1221 3578 1257 3620 se
1271 3567 1428 3640 patet.—

161 3688 175 3715 s
253 3665 411 3728 Eandem
439 3665 585 3729 formam
610 3665 820 3760 epislolicam
847 3666 952 3729 relert
986 3667 1089 3730 satira
1129 3665 1257 3749 quinta.
1305 3662 1428 3749 Neque

249 3774 342 3836 enim
365 3773 555 3857 quisquam,
590 3773 776 3837 dummodo
809 3794 838 3837 V.
867 3773 905 3836 19
931 3787 1020 3838 etv.
1060 3774 1120 3835 134
1145 3792 1218 3858 sqq.
1253 3772 1428 3856 paulisper

250 3879 532 3956 consideraverit,
555 3880 712 3944 dubitare
729 3891 854 3965 potest,
878 3881 958 3966 quin
970 3893 1074 3965 poeta
1084 3901 1146 3964 per
1159 3891 1267 3942 totam
1278 3879 1427 3953 satiram,

248 3988 404 4073 quamvis
444 3987 478 4050 in
517 3987 610 4051 initio
649 3989 816 4052 neminem
856 3988 1063 4073 alloquatur,
1102 3987 1147 4050 ad
1186 3985 1352 4049 Trebium
1391 4005 1427 4047 se

253 4106 441 4159 convertat.
465 4095 579 4159 Nihilo
598 4097 706 4159 minus
724 4095 898 4180 Juvenalis
914 4093 1101 4159 identidem
1129 4095 1200 4157 sive
1226 4092 1427 4155 narrationis

252 4223 356 4266 cursu
379 4201 547 4266 adductus
563 4204 634 4266 sive
658 4203 897 4289 indignationis
910 4202 1033 4267 ardore
1057 4201 1283 4265 infiammatus
1300 4198 1344 4263 ab
1362 4200 1426 4264 hac

250 4311 364 4374 forma
402 4307 564 4373 aberrare
605 4311 739 4375 videtur
777 4311 834 4387 ita,
872 4322 910 4373 ut
943 4331 1045 4395 quem
1068 4321 1169 4372 antea
1193 4306 1361 4371 allocutus
1385 4307 1427 4370 sit

375 4432 462 4442 7-—

253 4438 284 4443 ss
304 4437 369 4538 iq]
383 4491 404 4528 o.
418 4489 481 4541 pag.
497 4471 539 4524 15.
