3282 5152
227 679 255 743 B
268 698 287 741 e
300 699 317 739 r
328 697 352 761 g
364 697 398 740 m
411 698 433 738 u
446 696 466 738 e
478 674 512 737 ll
524 696 543 738 e
556 696 607 737 ru
620 676 676 752 s*).
723 671 878 757 Uterque
903 673 946 737 de
963 672 1029 736 hac
1054 672 1252 757 quaestione
1277 671 1405 756 optime

228 784 367 848 meritus
380 796 447 846 est:
466 780 633 846 Strubeus
645 779 774 865 primus
787 793 918 843 rectam
931 779 1020 844 viam
1028 779 1173 864 aperuit,
1190 799 1268 842 cum
1279 789 1404 863 poetae

228 890 489 954 exercitationes
512 887 701 952 rhetoricas
731 885 777 949 ad
799 886 921 950 satiras
945 885 1200 971 componendas
1224 885 1406 970 plurimum

228 997 375 1060 valuisse
388 996 479 1060 haud
494 996 655 1082 ignorans
668 1014 711 1057 ex
729 991 842 1057 satiris
857 993 984 1079 figuras
996 992 1069 1056 illas
1082 993 1258 1069 oratorias,
1283 992 1406 1078 quibus

228 1103 401 1188 Juvenalis
440 1104 471 1166 in
512 1100 718 1168 carminibus
763 1100 950 1166 condendis
998 1122 1078 1164 usus
1117 1113 1185 1178 est,
1225 1099 1407 1186 diligenter

230 1212 412 1296 congessit.
457 1207 734 1296 Bergmuellerus
758 1209 791 1270 in
816 1229 855 1271 ea
880 1229 983 1293 quam
1008 1206 1175 1272 Strubeus
1206 1207 1407 1271 monstravit

229 1319 283 1380 via
329 1318 462 1404 longius
508 1339 714 1404 progressus
769 1318 803 1381 in
857 1316 1015 1380 omnibus
1066 1315 1239 1401 Juvenalis
1295 1315 1408 1380 satiris

230 1424 420 1508 partitionis
459 1426 630 1502 oratoriae
669 1424 891 1489 formularum
928 1445 1015 1508 quae
1055 1424 1214 1487 dicuntur
1260 1422 1405 1508 vestigia

229 1543 363 1596 exstare
409 1533 595 1596 rectissime
642 1532 890 1597 demonstravit
935 1551 1061 1616 easque
1108 1530 1197 1594 duce
1244 1528 1406 1614 Seyfferti

225 1637 311 1701 libro
350 1639 408 1724 qui
447 1638 641 1703 inscribitur
668 1638 836 1721 „Scholae
875 1638 1072 1714 latinae“**)
1112 1639 1146 1701 in
1175 1658 1237 1700 sua
1276 1657 1408 1721 genera

226 1744 407 1808 distribuit.
469 1745 593 1830 Neque
632 1757 746 1809 tamen
784 1746 850 1809 hac
888 1767 926 1808 re
973 1744 1247 1830 Bergmuellerus
1298 1754 1407 1806 totam

227 1852 462 1935 quaestionem
510 1851 554 1915 de
592 1852 765 1936 Juvenalis
813 1864 885 1916 arte
925 1852 1179 1936 compositionis
1218 1851 1406 1914 institutam

124 1999 128 2006 ·
228 1957 415 2021 absolvisse
439 1959 517 2022 mihi
530 1960 666 2043 quidem
680 1959 822 2025 videtur.
847 1958 985 2023 Etenim
1005 1981 1212 2045 quamquam
1225 1958 1406 2043 permulta,

228 2085 317 2149 quae
341 2064 386 2127 ad
409 2067 587 2130 satirarum
612 2067 895 2151 compositionem
919 2067 1124 2150 pertineant,
1155 2088 1197 2129 ex
1228 2065 1409 2149 disciplina

226 2183 352 2255 poetae
375 2172 545 2238 rhetorica
559 2174 719 2258 profecta
733 2195 808 2236 esse
821 2173 919 2237 nobis
932 2172 1190 2238 concedendum
1207 2186 1269 2248 est,
1293 2187 1407 2237 tamen

225 2279 392 2342 nonnullis
417 2280 500 2344 locis
523 2292 648 2364 poetae
662 2281 750 2344 vires
774 2280 899 2366 ingenii
923 2282 1078 2366 quamvis
1090 2293 1209 2344 tenues
1222 2279 1408 2344 clarissime

228 2386 377 2448 emicare
392 2387 531 2471 eiusque
557 2386 837 2451 consuetudinem
864 2388 1069 2450 rhetoricam
1086 2388 1222 2471 penitus
1249 2387 1408 2450 amissam

228 2512 303 2555 esse
330 2490 426 2555 facile
451 2494 681 2578 cognoscitur.
713 2492 749 2556 In
775 2493 962 2558 tractandis
987 2515 1069 2558 vero
1093 2495 1144 2558 his
1168 2493 1321 2557 versibus
1338 2513 1407 2578 qua

133 2681 141 2693 .
226 2598 281 2661 via
316 2597 414 2662 nobis
448 2599 737 2686 progrediendum
772 2601 831 2678 sit,
870 2601 1047 2665 Vahlenus
1085 2602 1137 2663 vir
1176 2600 1408 2678 doctissimus

226 2706 354 2788 optime
378 2705 482 2770 docet
501 2707 546 2788 [in
571 2706 684 2771 indice
697 2707 881 2771 lectionum
905 2707 1145 2772 Universitatis
1162 2707 1272 2772 Berol.
1286 2708 1405 2773 aestiv.

235 2812 343 2894 1884).
391 2812 481 2876 Nam
506 2836 636 2878 summa
672 2836 749 2879 cum
773 2815 960 2879 subtilitate
985 2828 1020 2878 et
1049 2799 1408 2900 elegantiaplurimos

228 2939 357 2996 versuS,
380 2941 467 3004 quos
491 2922 546 2984 alii
569 2923 633 2985 viri
657 2922 750 2987 docti
774 2923 908 3006 spurios
941 2921 1189 2999 iudicaverunt,
1225 2922 1258 2984 in
1294 2921 1408 2985 locum

227 3026 391 3103 restituit,
431 3048 509 3091 cum
547 3049 684 3112 semper
722 3031 825 3094 totius
874 3029 940 3094 loci
979 3041 1133 3093 tenorem
1173 3028 1332 3092 evolvere
1372 3039 1408 3091 et

227 3132 417 3196 disserendi
471 3135 769 3221 componendique
828 3138 994 3200 rationem
1053 3136 1225 3220 explicare
1283 3136 1407 3201 studet.

226 3238 374 3303 Vahleni
413 3242 564 3328 vestigiis
614 3243 771 3307 insistens
818 3242 1168 3326 Schulzius***)
1217 3243 1409 3307 luculenter

227 3344 269 3409 de
304 3367 435 3431 genere
471 3348 619 3432 quodam
655 3371 814 3424 versuum
842 3351 1099 3431 ,insiticiorum“
1139 3371 1225 3436 quos
1262 3351 1408 3418 credunt

227 3451 372 3518 disserit.

307 3635 308 3640 ,
335 3578 435 3656 Quae
470 3602 549 3645 cum
572 3583 618 3645 ita
641 3584 717 3660 sint,
753 3584 833 3647 mihi
862 3584 1034 3669 proposui,
1070 3596 1107 3646 ut
1146 3583 1259 3647 denuo
1290 3582 1408 3667 paullo

227 3687 419 3750 accuratius
457 3689 490 3751 in
515 3688 690 3772 Juvenalis
729 3703 838 3755 artem
883 3691 1141 3775 compositionis
1189 3691 1408 3775 inquirerem,

227 3811 316 3876 quae
354 3792 504 3857 nondum
549 3795 630 3859 satis
675 3797 859 3880 explanata
904 3797 982 3860 mihi
1030 3795 1175 3861 videtur.
1242 3794 1324 3872 Qua
1371 3795 1406 3858 in

226 3898 425 3983 quaestione
449 3901 654 3967 instituenda
690 3903 736 3966 ita
775 3904 912 3988 quidem
941 3903 1171 3981 versabimur,
1203 3915 1240 3967 ut
1279 3902 1408 3988 acriter

225 4005 483 4089 interpretando
518 4021 643 4092 poetae
676 4022 823 4075 mentem
860 4025 895 4075 et
917 4011 1095 4075 consilium
1123 4009 1337 4095 indagemus,
1371 4022 1407 4073 et

287 4260 312 4320 *l
330 4256 439 4323 Quaest.
459 4257 585 4312 Juvenal.
606 4259 683 4314 Acta.
703 4259 771 4313 Sem.
790 4259 855 4326 phil.
875 4259 1013 4326 Erlangeu
1032 4261 1111 4314 1886.

272 4342 314 4409 ”l
333 4346 445 4416 Leipzig
463 4347 489 4401 1⁸
509 4349 578 4402 1870
596 4347 637 4401 ΙΙ8
657 4349 734 4403 1872.

257 4431 317 4497 W)
337 4433 443 4500 Qnaost.
463 4436 588 4491 Juvenal.
626 4438 738 4491 Hermes
756 4437 822 4490 XXI
844 4438 920 4492 1886.
