3282 5152
683 473 898 536 ..23-.

196 697 265 742 non
314 686 408 738 recte
460 673 603 735 haerere
650 668 794 734 videtur.
858 665 928 743 Qui
977 663 1114 750 quidem
1164 663 1220 727 illa
1266 661 1375 726 verba

200 778 320 864 „Talia
371 791 504 844 secreta
555 778 733 842 coluerunt
778 773 885 860 Orgia
931 772 1033 836 taeda
1078 758 1284 855 Cecropiam
1308 773 1371 816 -“

198 911 301 978 quum
334 886 580 953 accuratiorem
621 883 817 948 desiderent
852 878 1129 963 descriptionem,
1165 879 1256 942 unde
1291 899 1377 964 pen·

197 999 313 1072 deant,
337 1004 416 1080 post
440 1015 469 1056 v.
498 992 558 1054 114
590 988 847 1074 transponenda
878 1008 952 1051 esse
977 983 1162 1051 contendit.
1208 983 1375 1050 Concedo

199 1103 304 1170 facile
332 1101 395 1165 illis
429 1097 583 1164 versibus
618 1096 739 1162 deletis
774 1093 857 1158 nihil
878 1092 1076 1157 desiderari.
1127 1090 1308 1156 Assentior
1343 1093 1375 1156 ei

198 1210 277 1275 inde
301 1231 321 1273 a
346 1231 377 1271 v.
403 1209 444 1272 93
468 1207 569 1270 aliam
593 1203 801 1291 quaestionis
823 1214 959 1288 partem
984 1200 1113 1262 initium
1131 1219 1267 1284 capere,
1284 1221 1375 1286 quae

199 1317 337 1404 quidem
372 1316 508 1380 omnino
543 1333 611 1375 nou
646 1332 724 1375 cum
758 1305 1046 1395 praecedentibus
1082 1328 1125 1370 ne
1168 1309 1377 1371 transitionis

199 1423 335 1510 quidem
357 1420 526 1508 particula
551 1420 734 1483 coniuncta
759 1431 820 1481 est.
858 1415 1024 1480 Attamen
1039 1413 1224 1484 Ribbeckii
1241 1428 1377 1480 senten-

200 1532 246 1596 tia
269 1529 493 1615 improbanda
518 1538 589 1600 est3
613 1548 702 1602 nam,
719 1538 756 1589 ut
774 1523 885 1587 Wirz
897 1524 908 1585 i
920 1523 1008 1604 us*)
1034 1522 1221 1586 rectissime
1247 1534 1375 1600 monet,

124 1703 126 1712 ,
198 1638 411 1722 transpositis
447 1636 509 1698 illis
545 1633 721 1697 versiculis
746 1633 782 1696 91
822 1643 856 1695 et
891 1631 933 1694 92
958 1629 1151 1694 foedissime
1187 1652 1218 1691 v.
1259 1631 1319 1692 114
1355 1651 1377 1692 a

159 1805 163 1816 ,
197 1767 230 1808 v.
274 1743 334 1807 115
376 1741 590 1825 dirumpitur,
620 1739 676 1824 qui
710 1760 812 1824 quam
851 1751 924 1802 arte
949 1737 1036 1800 inter
1080 1757 1117 1799 se
1157 1737 1377 1814 cohaereant,

198 1847 538 1929 Ribbeckius**)
575 1847 649 1931 ipse
684 1844 882 1932 intellegere
910 1844 1045 1908 videtur
1068 1844 1158 1907 hunc
1181 1844 1215 1906 in
1238 1844 1377 1907 modum

200 1957 387 2020 disserens:
415 1953 516 2035 ,Nun
529 1954 609 2018 darl'
628 1954 700 2036 θεῶ.
717 1975 747 2016 e.
764 1976 819 2016 vv.
841 1953 901 2016 115
918 1955 1005 2036 sqq.)
1031 1950 1123 2013 nicht
1147 1972 1190 2014 zu
1215 1953 1292 2014 weit
1309 1974 1377 2017 von

199 2061 275 2144 I„(i.
304 2085 333 2128 e.
363 2086 417 2126 vv.
453 2063 639 2142 110-114)
678 2073 840 2147 getrennt
878 2059 1017 2123 werden
1056 2079 1178 2144 wegen
1221 2058 1283 2123 der
1310 2058 1379 2122 Be-

198 2174 344 2258 ziehung
367 2171 429 2236 der
452 2170 694 2256 Phrygischen
710 2167 798 2233 Sitte
822 2168 883 2232 aut
907 2168 974 2231 den
986 2169 1108 2234 Dienst
1132 2167 1194 2230 der
1209 2166 1375 2252 Cybele.“

198 2281 301 2357 Quae
327 2300 405 2343 curn
440 2279 487 2340 ita
523 2278 600 2353 sint,
637 2279 691 2340 isti
727 2275 883 2339 versiculi
920 2277 959 2340 91
987 2289 1022 2339 et
1046 2278 1087 2341 92
1112 2297 1174 2340 suo
1211 2274 1287 2338 loco
1324 2296 1379 2337 re·

200 2386 330 2449 tinendi
365 2396 454 2447 sunt.
502 2383 593 2446 Nam
625 2384 717 2447 haud
755 2384 870 2467 inepte
908 2385 1020 2447 versui
1057 2385 1100 2447 90
1135 2382 1376 2456 adnectuntur,

202 2513 270 2578 quo
294 2491 432 2577 quidem
457 2511 558 2554 versu
582 2491 685 2556 series
709 2511 913 2576 praegressa
937 2491 1182 2555 sententiarum
1196 2488 1376 2553 clauditur.

200 2597 406 2683 Saepissime
430 2610 545 2662 autem
568 2598 782 2662 inveniuntur
801 2619 840 2661 ea
865 2598 1031 2683 exempla,
1056 2595 1179 2683 quibus
1203 2595 1378 2681 Juvenalis

200 2706 401 2770 sententiam
425 2706 618 2769 universam
641 2705 741 2768 latius
765 2705 939 2790 explicare
963 2717 997 2769 et
1021 2705 1185 2789 exemplis
1209 2704 1377 2766 illustrare

201 2813 324 2888 studet,
357 2834 425 2897 qua
460 2813 598 2897 quidem
634 2813 765 2876 ratione
801 2812 986 2875 identidem
1022 2812 1157 2898 ingrata
1194 2809 1378 2874 verborum

202 2918 302 3002 copia
318 2930 352 2981 et
367 2917 423 2981 illa
439 2919 597 3002 repetitio
615 2941 702 3004 quae
719 2931 865 2983 vocatur
880 2920 1123 2982 sententiarum
1139 2929 1377 3002 procreantur.

199 3025 277 3089 Huc
301 3023 469 3088 referendi
492 3039 568 3090 sunt
592 3026 636 3088 illi
660 3027 784 3090 satirae
810 3024 859 3089 VI
884 3049 937 3089 vv.
963 3025 1128 3102 349-51,
1162 3024 1285 3111 quibus
1319 3022 1379 3107 Ju-

200 3132 328 3196 venalis
352 3153 468 3196 omnes
482 3133 526 3197 ad
541 3155 642 3197 unam
667 3133 832 3218 coniuges
857 3144 891 3196 et
907 3132 1132 3197 nobilissimas
1149 3143 1183 3196 et
1200 3131 1378 3194 vilissimas

199 3239 356 3304 adulterii
379 3240 507 3304 scelere
533 3241 722 3306 maculatas
748 3260 824 3303 esse
859 3240 1022 3325 queritur.
1070 3239 1188 3304 Media
1217 3239 1305 3301 enim
1342 3238 1376 3300 in

200 3347 393 3411 narratione
426 3347 584 3428 insistens
608 3347 786 3433 superiora
810 3347 937 3432 colligit
963 3360 996 3411 et
1026 3347 1240 3431 insequentia
1275 3367 1380 3430 prae-

202 3467 301 3537 parat
323 3466 427 3539 poeta
452 3475 484 3516 v.
510 3454 594 3517 349:
646 3454 806 3539 „Iamque
842 3455 962 3518 eadem
1000 3454 1138 3518 summis
1161 3454 1293 3537 pariter
1318 3453 1378 3515 rni-

202 3560 365 3645 nimisque
389 3560 525 3626 libido.“
576 3560 656 3636 Quo
692 3562 725 3624 in
755 3583 861 3624 vversu
895 3583 999 3646 quum
1024 3581 1109 3645 quas
1133 3561 1290 3624 mulieres
1315 3559 1378 3621 illis

113 3731 118 3740 ,
201 3665 315 3731 verbis
353 3669 526 3747 „summis“
566 3684 600 3731 et
638 3669 818 3746 ,minimis“
867 3669 1060 3755 significare
1094 3680 1198 3752 poeta
1234 3666 1378 3730 voluerit

202 3773 301 3837 facile
326 3774 554 3862 intellegatur,
579 3775 659 3838 nihil
682 3775 727 3838 ad
763 3775 1014 3860 perficiendam
1030 3776 1233 3839 sententiam
1249 3772 1379 3858 requiri

201 3894 371 3967 putamus.
406 3879 521 3947 Nihilo
546 3882 658 3947 secius
682 3883 795 3946 'studio
818 3905 890 3946 rem
915 3903 1016 3968 quam
1040 3881 1294 3945 accuratissime
1319 3900 1379 3943 ex-

201 3988 350 4073 plicandi
385 3987 508 4052 ductus
543 4002 648 4074 poeta
671 3989 788 4054 addit:
816 3990 913 4072 „Nec
930 3990 1060 4066 melior,
1084 3990 1213 4054 silicem
1230 3985 1378 4072 pedibus

203 4117 290 4181 quae
315 4095 462 4161 conterit
486 4107 608 4174 atrurn,
633 4096 748 4173 Quam
773 4119 861 4182 quae
885 4098 1065 4182 longorum
1082 4097 1216 4160 vehitur
1241 4095 1378 4159 cervice

202 4201 394 4288 Syrorum.“
444 4201 551 4268 Simili
586 4205 716 4269 ratione
748 4205 785 4267 in
808 4205 930 4268 satirae
955 4204 1038 4268 XIII
1061 4227 1092 4267 v.
1122 4202 1182 4266 135
1206 4201 1377 4288 generalis

202 4310 367 4374 sententia
401 4311 506 4392 haec:
558 4311 647 4392 „Sed
686 4313 712 4376 si
750 4324 875 4376 cuncta
912 4311 1008 4376 vides
1047 4310 1144 4375 simili
1178 4309 1251 4374 sora
1274 4308 1378 4394 plena

203 4438 443 4540 —o'eiiro—ug.
464 4472 595 4527 xxxvn
613 4473 666 4526 vor.

255 4559 297 4630 **)
316 4561 333 4615 l.
354 4577 375 4614 e.
395 4577 449 4630 pag
469 4563 529 4617 138.
