3282 5152
665 481 795 546 ..25
845 519 885 530 .-

191 701 352 766 quorsum
377 679 498 765 ecloga
522 691 665 763 spectet.
705 677 910 742 Rectissime
935 675 1148 741 Ribbeckius
1172 677 1274 740 docet
1298 677 1364 740 hoc

193 789 337 852 maxime
361 798 498 872 poetam
523 786 644 871 egisse,
670 797 752 870 quot
785 785 988 869 quantisque
1013 784 1223 848 contumeliis
1259 783 1364 848 cliens

189 895 245 959 ille
281 894 459 958 vilissimus
495 894 581 956 inter
616 913 737 957 cenam
773 913 793 954 a
828 890 933 955 divite
969 888 1115 976 patrono
1151 891 1297 954 affectus
1321 890 1364 954 sit

188 1022 350 1066 enarrare
390 1022 431 1065 eo
470 1002 683 1086 potissimum
733 998 884 1074 consiliu,
914 1011 960 1061 ut
1010 997 1151 1082 parasiti
1197 997 1364 1082 pudorem
1465 1051 1467 1055 .

190 1109 370 1172 excitaret.
417 1107 630 1172 Narrationis
667 1117 782 1170 autem
805 1125 874 1190 qua
897 1105 1029 1168 ratione
1053 1103 1225 1188 Juvenalis
1248 1105 1364 1180 utitur,

192 1217 263 1280 fieri
295 1237 365 1279 non
410 1226 558 1300 poterat,
610 1214 691 1298 quin
742 1213 906 1299 legentes,
948 1213 1079 1276 etiarnsi
1117 1211 1151 1276 id
1190 1223 1292 1296 poeta
1331 1212 1365 1274 in

191 1324 303 1387 animo
341 1345 407 1386 non
447 1322 599 1402 haberet,
639 1320 684 1384 ad
726 1331 904 1404 patronum
946 1320 1233 1382 contemnendum
1276 1319 1364 1382 ultro

192 1429 451 1494 adducerentur.
499 1428 555 1492 An
589 1450 657 1492 non
693 1427 819 1492 laetitia
850 1425 998 1511 quadam
1030 1426 1179 1512 singulos
1203 1425 1365 1489 orationis

195 1537 333 1600 aculeos
358 1537 459 1600 etiam
483 1536 518 1598 in
541 1535 714 1620 dominum
739 1554 922 1598 conversos
945 1531 1123 1598 videmus?
1152 1531 1364 1597 Ribbeckius

190 1644 328 1729 quidem
360 1644 394 1707 id
430 1663 566 1728 quoque
602 1655 742 1727 poetam
773 1655 950 1725 spectasse
980 1653 1095 1726 negat,
1120 1641 1246 1725 quippe
1270 1640 1364 1723 quod

189 1771 210 1812 a
234 1751 378 1835 simplici
402 1750 544 1834 eclogae
576 1760 695 1810 tenore
720 1759 754 1810 et
779 1748 1007 1812 concinnitate
1031 1747 1222 1810 abhorreat.
1270 1746 1364 1823 Quid

189 1878 273 1919 vero
308 1877 436 1941 quaeso
473 1853 535 1918 sibi
572 1855 688 1918 volunt
723 1855 776 1918 isti
809 1876 927 1918 versus
961 1856 1003 1917 32
1037 1867 1071 1919 et
1099 1855 1140 1916 33
1173 1853 1363 1932 „Cardiaco

189 1984 374 2047 numquam
410 1963 570 2048 cyathum
604 1962 763 2025 missurus
797 1963 924 2036 amico;
961 1961 1048 2026 Cras
1092 1961 1186 2024 bibet
1221 1959 1364 2024 Albanis

188 2071 319 2156 aliquid
343 2071 385 2134 de
410 2068 579 2133 montibus
602 2082 661 2132 aut
685 2070 727 2133 de
752 2067 875 2133 Setinis
903 2074 973 2152 -,“
1001 2069 1083 2154 quid
1106 2090 1158 2132 vv.
1181 2067 1364 2141 lac-145,

189 2179 250 2242 nisi
287 2179 414 2269 facete!
431 2178 654 2242 humilitatem
691 2190 724 2242 et
759 2176 1010 2261 improbitatem
1038 2176 1149 2240 divitis
1174 2173 1363 2259 castigant?

189 2286 323 2350 Eodem
359 2309 412 2350 vv.
448 2287 620 2356 107-113
651 2296 810 2369 spectare
834 2305 945 2369 neque
970 2284 1069 2346 alieni
1094 2304 1113 2346 a
1137 2294 1260 2366 poetae
1283 2283 1391 2345 con-'

191 2393 263 2454 silio
303 2413 376 2454 esse
417 2391 583 2455 videntur.
639 2390 882 2454 Desideramus
919 2390 1057 2477 quidem
1105 2392 1193 2453 hanc
1240 2389 1363 2452 satirae

191 2509 326 2582 partem
361 2499 482 2570 artius¹
502 2519 580 2562 curn
615 2498 894 2562 antecedentibus
926 2497 1078 2562 versibus
1103 2497 1246 2561 conecti.
1294 2495 1365 2558 Re-

192 2605 353 2688 quirimus
377 2606 479 2668 etiam
508 2606 539 2668 in
572 2606 792 2692 digressionis
823 2607 889 2670 fine
918 2605 1121 2690 particulam
1146 2603 1364 2677 transitionis,
1458 2597 1460 2602 ’

189 2733 257 2796 qua
306 2724 410 2796 poeta
449 2734 469 2776 a
505 2699 708 2776 diverticulo
743 2713 789 2776 ad
811 2725 944 2776 rectum
968 2712 1171 2775 narrationis
1195 2711 1363 2773 tramitem

191 2817 388 2882 descendat.
437 2818 506 2883 Sed
532 2820 683 2883 similiter
707 2841 760 2884 res
785 2841 821 2883 se
845 2818 949 2882 habet
984 2821 1017 2881 in
1053 2817 1206 2881 eiusdem
1239 2817 1362 2880 satirae

190 2947 244 2987 vv.
274 2925 334 2987 136
347 2946 422 3011 sqq.
469 2927 545 2990 Hoc
578 2948 715 3012 quoque
749 2928 826 2991 loco
861 2939 963 3011 poeta
995 2925 1206 3011 digressione
1242 2946 1273 2987 v.
1303 2922 1362 2986 145

191 3030 348 3095 absoluta
371 3032 449 3096 illuc
474 3033 565 3096 unde
589 3032 671 3096 abiit
689 3034 825 3096 rediens
837 3033 929 3096 nullo
946 3033 1090 3096 transitu
1105 3043 1226 3117 parato
1244 3052 1364 3120 cenam

192 3137 391 3203 describere
431 3140 554 3226 pergit.
601 3139 784 3203 Enimvero
820 3140 1050 3225 indignatione
1086 3141 1152 3203 imo
1185 3162 1228 3202 ex
1252 3139 1363 3202 animo

189 3247 409 3309 vehementer
446 3247 554 3310 etlitsa
588 3267 643 3310 ars
678 3247 734 3310 illa
768 3247 996 3330 componendi
1031 3268 1113 3310 sane
1154 3247 1277 3331 exigua
1306 3267 1365 3308 ex·

186 3364 340 3415 cusator.
377 3351 554 3416 Eiusmodi
578 3353 731 3418 iracundi
748 3353 850 3416 animi
861 3353 1008 3418 motibus
1022 3356 1179 3438 quotiens
1192 3351 1364 3436 Juvenalis

193 3459 293 3520 totius
317 3459 554 3544 disputationis
577 3472 732 3524 tenorem
754 3482 875 3545 parurn
900 3463 983 3524 scite
1015 3461 1210 3544 dirumpere
1244 3459 1363 3536 soleat,

185 3563 219 3625 si
245 3565 318 3647 quis
341 3567 525 3630 attenderit
549 3565 646 3629 velut·
665 3569 697 3630 in
722 3567 846 3632 satirae
869 3567 900 3631 ΙΙ
923 3590 977 3630 νν.
1007 3569 1063 3631 121
1084 3587 1171 3652 sqq.‚
1201 3568 1260 3630 tao
1277 3588 1363 3652 sqq,

192 3669 254 3746 IV,
278 3693 332 3734 vv.
368 3675 510 3750 tro-08,
544 3672 679 3737 cavebit
714 3675 878 3751 nimirum,
913 3695 955 3738 ne
991 3676 1088 3750 haec,
1113 3695 1200 3759 quae
1224 3695 1364 3758 prorsus

191 3799 259 3842 non
283 3777 327 3840 ab
351 3778 515 3862 Juvenale
539 3781 649 3844 aliena
672 3792 760 3856 sunt,
784 3781 828 3844 ab
853 3802 894 3845 eo
919 3781 1101 3845 abiudicet.

300 3901 371 3966 Sed
409 3903 475 3966 iarn
515 3919 754 3971 convertamus
793 3908 941 3970 animum
979 3906 1024 3969 ad
1063 3927 1122 3969 eos
1161 3907 1267 3982 locos,
1306 3904 1364 3969 ubi

192 4023 296 4094 poeta
330 4010 584 4078 adhortationes
620 4013 775 4076 versibus
811 4013 1045 4099 compluribus
1080 4012 1227 4076 inclusas
1262 4012 1365 4075 inter-

193 4119 289 4201 ponit
322 4118 413 4182 nulla
451 4118 516 4211 alia
550 4140 663 4197 causa,
700 4133 737 4184 ut
772 4123 852 4185 mihi
889 4120 1025 4206 quidem
1050 4119 1194 4194 videtur,
1230 4119 1292 4183 nisi
1327 4132 1364 4183 ut

194 4225 350 4309 rapidum
398 4226 600 4290 narrationis
651 4228 776 4291 flumen
820 4227 993 4312 paululum
1034 4225 1195 4290 retardet.
1258 4226 1363 4291 Cuius

194 4331 333 4416 quidem
359 4335 495 4418 generis
528 4334 632 4397 multa
658 4357 700 4398 ex
725 4336 836 4399 satiris
869 4334 1026 4418 exempla
1065 4333 1174 4419 promi
1209 4346 1362 4420 possunt.

194 4436 265 4502 Sed
289 4439 369 4502 satis
382 4460 456 4505 esse
474 4442 554 4505 mihi
570 4441 705 4506 videtur
721 4464 824 4506 unum
841 4442 1033 4526 exemplum
1050 4442 1153 4526 paulo
1170 4441 1363 4527 diligentius

194 4545 379 4630 explicare,
414 4548 505 4632 quod
541 4549 684 4635 legimus
719 4549 752 4611 in
787 4550 909 4613 satirae
933 4548 984 4611 IX
1006 4571 1061 4612 vv.
1089 4549 1272 4611 118-123.
1319 4545 1364 4610 Hi
