3282 5152
232 643 301 686 non
340 621 448 685 minus
487 633 567 705 apte
606 619 667 684 illis
706 618 861 683 versibus
907 618 1044 683 adnecti
1083 628 1238 702 poterat,
1285 614 1415 701 quibus

205 728 420 812 ¹parasitum
462 727 694 812 impudentem
749 725 827 789 foris
882 726 1031 810 positum
1081 723 1275 804 videmus.*)
1337 721 1408 787 Sed
1492 739 1495 745 ·

233 816 463 900 necessarium
486 834 567 897 illud
591 854 665 898 esse
676 832 892 898 Ribbeckius
915 831 1148 896 demonstrare
1165 831 1304 918 nequiit.
1331 831 1416 915 Jam.
1449 848 1451 854 ·

145 929 150 944 ⁸
233 963 315 1006 vero
345 953 470 1026 poetae
493 941 569 1026 quis
592 941 658 1005 hoc
684 939 871 1024 opprobrio
900 939 982 1003 dare
1007 939 1098 1015 velit,
1122 939 1214 1024 quod
1239 962 1270 1005 v.
1295 939 1335 1002 49
1360 939 1415 1002 sic¹

233 1049 383 1132 scripsit:
427 1047 484 1129 ,Si
522 1048 717 1111 stomachus
753 1046 856 1111 ferret
879 1047 957 1110 vino
993 1046 1173 1132 ciboque“,
1198 1066 1407 1132 quamquam

233 1155 521 1240 praecedentibus
545 1154 718 1218 versiculis
742 1155 878 1218 omnino
901 1175 967 1217 non
993 1153 1037 1217 de
1062 1153 1146 1218 cibis
1170 1151 1275 1216 verba
1299 1150 1414 1216 fecit?

232 1261 368 1347 Nempe
408 1262 501 1348 eligit
547 1273 649 1346 poeta
696 1283 739 1324 ex
778 1261 930 1337 materia,
971 1282 1059 1345 quae
1099 1261 1131 1324 ei
1170 1271 1308 1344 praesto
1345 1271 1410 1334 est,¹

232 1368 334 1454 quod
363 1369 407 1432 ad
446 1367 697 1454 assequendum
743 1367 919 1431 consilium
959 1388 1057 1430 suum
1097 1380 1216 1451 aptum
1262 1367 1406 1430 videtur.

232 1475 309 1539 Nec
348 1476 456 1539 minus
495 1474 591 1538 nobis
630 1475 663 1536 in
701 1474 810 1538 altera
846 1475 969 1538 satirae
1009 1472 1060 1537 XI
1094 1489 1192 1558 parte
1226 1477 1259 1555 (a
1283 1497 1315 1536 v.
1341 1471 1411 1552 55),

233 1605 301 1668 qua
324 1584 452 1647 amicus
475 1581 633 1646 Persicus
657 1603 677 1645 a
701 1593 805 1666 poeta
828 1581 873 1644 ad
898 1602 1019 1644 cenam
1043 1575 1212 1666 frugalem
1237 1582 1409 1650 invitatur,-

235 1690 334 1753 nobis
370 1689 552 1753 offensioni
588 1709 664 1752 esse
687 1700 817 1772 potest,
851 1688 943 1773 quod
967 1688 1065 1751 huius
1093 1681 1200 1772 par'tis
1223 1689 1410 1752 sententiae

233 1797 324 1861 nullo
356 1808 450 1861 certo
482 1795 600 1859 ordine
633 1794 836 1880 procedunt.
881 1793 1052 1859 Perfacile
1083 1797 1150 1860 hoc
1179 1785 1409 1880 dispositionis

233 1904 351 1967 vitium
375 1915 559 1968 excusatur
583 1901 691 1965 forma
716 1902 903 1986 epistolica,
939 1923 1007 1987 qua
1031 1901 1224 1986 juvenalis,
1255 1904 1411 1988 quamvis

234 2010 430 2095 simpliciter
463 2023 607 2085 enarret,
645 2021 758 2072 tamen
794 2009 943 2093 singulas
968 2010 1170 2073 narrationis
1200 2023 1315 2094 partes
1340 2025 1408 2073 tam

234 2118 318 2182 scite
335 2118 422 2180 inter
445 2137 481 2180 se
499 2116 658 2190 conectit,
684 2128 721 2179 ut
737 2116 801 2179 hac
820 2116 964 2178 maxime
988 2116 1021 2178 in
1036 2117 1139 2180 satira
1152 2129 1185 2180 et
1198 2116 1415 2182 imbecillitas
1456 2097 1461 2105 ⁸

234 2237 267 2288 et
289 2224 497 2309 praestantia
522 2234 646 2307 poetae
672 2222 806 2286 elucere
832 2222 1019 2286 videantur.

340 2348 608 2412 Pulcherrimam
626 2369 707 2412 vero
733 2347 953 2432 epistolarum
970 2349 1121 2432 speciem
1138 2351 1242 2412 satira
1258 2350 1309 2414 IX
1324 2373 1410 2435 prae

233 2477 269 2519 se
297 2455 370 2532 fert,
394 2456 428 2517 in
452 2476 520 2540 qua
544 2455 616 2518 sola
640 2465 744 2538 poeta
769 2453 929 2540 colloquii
953 2461 1095 2518 lormam
1120 2455 1167 2519 ita
1190 2457 1347 2534 adhibet,
1372 2472 1409 2523 ut

233 2563 437 2638 Naevolum‚
480 2561 666 2646 parasitum
704 2561 886 2647 quendam,
924 2583 1001 2625 cum
1037 2563 1279 2627 interlocutore
1304 2565 1409 2628 collo·
1448 2571 1450 2575 '

234 2681 395 2754 quentem
427 2669 574 2735 inducat.
622 2667 693 2732 Sed
734 2688 810 2731 cum
839 2667 985 2732 Naevoli
1021 2690 1133 2732 mores
1167 2671 1408 2756 ingeniumque

233 2775 278 2840 ad
307 2777 410 2860 ipsius
446 2777 535 2838 vitae
570 2777 748 2839 veritatem
784 2777 880 2861 quasi
915 2775 1055 2860 depicta
1090 2776 1187 2840 nobis
1218 2778 1408 2857 videantur,

233 2883 482 2947 interlocutoris
503 2904 697 2967 personam,
722 2883 778 2966 qui
802 2895 915 2946 utrum
939 2897 1044 2968 poeta
1067 2886 1140 2970 ipse
1165 2907 1208 2948 an
1225 2886 1308 2949 alius
1333 2887 1408 2972 quis

233 2991 276 3054 sit
299 2991 400 3075 plane
425 2989 564 3053 dubium
579 3003 640 3066 est,
665 3012 731 3053 non
744 2991 791 3053 ita
806 2989 986 3075 diligenter
999 3013 1195 3076 expressam
1212 2994 1408 3059 invenimus

234 3097 457 3182 Namaeque
481 3109 584 3181 atque
609 3099 642 3159 in
663 3098 766 3160 satira
790 3096 846 3174 ΙΙΙ,
885 3098 926 3160 59
950 3110 1055 3182 poeta
1078 3100 1143 3162 hoc
1167 3100 1244 3164 loco
1268 3101 1408 3164 instituti

235 3205 396 3267 sermonis
421 3204 587 3266 rationem
611 3204 658 3267 ita
682 3204 843 3289 neglegit,
868 3216 905 3266 ut
934 3203 1058 3269 oblitus
1080 3226 1124 3291 ,se
1148 3226 1226 3270 cum
1249 3206 1408 3270 Naevolo

235 3311 393 3396 colloqui,
418 3309 655 3374 adhortatione
679 3310 734 3373 illa
758 3334 812 3374 vv.
842 3313 1005 3374 118-123
1029 3313 1154 3376 inserta
1171 3314 1214 3378 de
1227 3315 1409 3398 improviso

234 3418 279 3481 ad
308 3419 418 3502 ipsum
449 3418 621 3481 dominum
656 3439 692 3481 se
721 3431 907 3484 convertat.
953 3419 990 3481 In
1021 3420 1262 3506 distinguenda
1294 3434 1409 3484 autem

235 3525 397 3608 oratione,
423 3546 512 3610 quae
525 3526 557 3587 in
571 3524 664 3589 libris
677 3525 778 3591 valde
795 3537 959 3610 corrupta
975 3539 1099 3606 exstat,
1124 3528 1408 3611 Vahlenum**)

235 3633 425 3716 sequimur,
478 3633 535 3721 qui
586 3632 683 3696 nobis
734 3633 873 3718 quidem
925 3635 1112 3698 rectissime
1158 3637 1249 3700 hunc
1295 3636 1408 3701 locum

235 3739 416 3803 emendare
456 3752 489 3804 et
527 3741 745 3824 interpretari
784 3740 920 3805 videtur
959 3743 1049 3807 hunc
1097 3743 1130 3805 in
1176 3744 1326 3821 modum,
1372 3755 1409 3807 ut

235 3846 472 3911 emendatione
496 3847 712 3912 Lachmanni
739 3869 844 3928 ,cave
870 3850 933 3913 sis“
961 3856 1102 3933 recepta
1126 3851 1193 3914 leni
1222 3851 1408 3915 mutatione

235 3975 278 4016 ex
302 3954 357 4018 illo
382 3955 507 4019 tradito
535 3968 592 4036 „ut
615 3955 767 4040 linguas“
795 3968 981 4020 commutet
1008 3968 1063 4036 ,tu
1079 3957 1241 4044 linguas“.
1288 3959 1410 4042 Itaque

234 4060 410 4124 Vahlenus
431 4063 479 4127 sic
503 4062 622 4126 scribit
645 4075 680 4127 et
705 4063 925 4149 interpungit:

296 4309 322 4374 ²⁸)
342 4309 505 4364 Ribbeckius
523 4312 541 4364 1.
560 4327 582 4365 c.
603 4327 664 4380 pag.
686 4313 745 4365 141.

283 4398 324 4464 **)
345 4399 362 4452 l.
382 4415 404 4454 c.
424 4415 486 4468 pag.
505 4401 548 4453 27.
