3282 5152
769 449 986 514 -18-

284 651 437 736 praemia
473 648 622 712 omnium
661 647 801 710 militum
837 644 1029 709 communia
1064 655 1335 728 pertractantur,
1368 645 1509 709 altera<

284 778 353 820 non
388 767 500 820 exstat
534 755 568 818 in
604 752 805 822 codicibus..
838 752 933 816 Illam
968 762 1101 836 partem
1139 761 1243 835 poeta
1267 751 1407 816 iterum
1438 754 1498 818 sic

285 863 471 949 distinguit,
507 875 544 925 ut
580 861 725 946 primum
760 859 913 944 praemia
947 856 1151 922 amilitibus
1175 859 1207 920 vi
1231 880 1273 923 ac
1300 861 1497 946 superbia

286 981 457 1056 arrogata,
498 982 568 1032 tum
616 968 766 1054 legitime
805 967 853 1030 eis
903 988 923 1030 a
974 964 1230 1052 magistratibus
1283 971 1495 1054 proposita

286 1089 471 1142 enumeret.
518 1076 573 1139 Ex
612 1076 660 1139 eis
706 1073 829 1160 quibus
874 1074 996 1138 milites
1043 1075 1168 1159 togatis
1222 1073 1494 1159 praeferuntur

285 1185 444 1269 praemiis
479 1182 652 1268 Juvenalis
689 1183 757 1246 duo
792 1181 901 1262 affert,
938 1181 1099 1245 iudicium
1135 1181 1233 1244 nullis
1258 1182 1492 1270 ambagibus

284 1292 484 1377 impeditum
521 1290 679 1370 (35-50)
716 1301 749 1352 et
779 1289 842 1382 filii
883 1299 1088 1373 potestatem
1124 1291 1225 1352 etiam
1261 1291 1341 1354 vivo
1369 1305 1492 1377 patre·
1562 1298 1565 1304 ’

285 1399 432 1462 testandi
457 1399 626 1479 (51-60).
651 1395 723 1460 Sed
750 1418 770 1459 a
800 1389 971 1459 contrario
994 1396 1215 1480 proficiscens
1238 1412 1358 1481 poeta,
1388 1413 1485 1486 quot

287 1517 481 1591 quantaque
506 1505 659 1589 pericula
683 1505 741 1580 eis,
767 1525 853 1589 quos
881 1525 994 1583 ,arma
1019 1525 1086 1566 non
1109 1509 1260 1588 tegunt‚“
1292 1505 1326 1567 in
1354 1509 1491 1571 causis-

286 1613 427 1698 agendis
461 1613 527 1675 sint
561 1611 766 1696 superanda,
803 1611 952 1675 ostendit
984 1631 1025 1674 ac
1049 1610 1172 1673 deinde
1197 1610 1305 1676 tribus
1328 1625 1484 1677 tantum.

286 1719 441 1784 versibus
474 1719 632 1800 (48-50)
662 1739 733 1781 rem
764 1719 871 1803 ipsam
894 1717 1141 1803 perstringit.*)
1189 1718 1266 1783 Hac
1290 1732 1410 1784 autem
1438 1723 1476 1784 in

286 1849 322 1890 re
349 1826 444 1890 facile
480 1827 648 1911 quispiam
685 1826 851 1902 offendat,
885 1826 947 1888 nisi
971 1845 1088 1888 secum
1112 1828 1333 1908 reputaverit,
1359 1849 1478 1912 quam

287 1935 413 2019 exigua
437 1945 510 1996 arte
534 1931 578 1996 ab
603 1931 767 2016 Juvenale
791 1933 914 1996 satirae
940 1931 1135 2001 elaboratae
1160 1933 1234 1997 sint.

393 2039 622 2125 Similiterque
658 2061 716 2102 res·
749 2061 784 2102 se
820 2037 925 2102 habet
960 2040 993 2101 in
1029 2040 1132 2102 satira
1164 2039 1256 2103 XIII.
1313 2041 1348 2103 In
1388 2041 1474 2104 eius-

287 2149 506 2234 dispositione
532 2147 742 2210 enucleanda
767 2147 938 2232 sequimur
962 2146 996 2207 R
1010 2169 1066 2230 up
1080 2168 1098 2208 e
1113 2159 1151 2209 rt
1164 2148 1174 2210 i
1187 2169 1206 2208 u
1219 2168 1249 2208 m
1259 2146 1315 2227 ,**)
1339 2148 1398 2230 qui
1425 2147 1462 2208 in

288 2256 446 2319 carminis
470 2255 563 2317 initio
591 2266 717 2333 ,totum
742 2255 812 2317 eius
836 2259 1092 2338 argumentum“
1121 2254 1297 2338 omniaque
1329 2252 1464 2316 solacia

291 2363 343 2441 ,in
367 2363 539 2446 epitomen
563 2363 677 2447 quasi“
718 2361 860 2424 redacta
895 2359 1048 2424 exhiberi
1085 2373 1119 2424 et
1154 2360 1276 2424 deinde
1318 2361 1466 2444 copiosa

289 2471 442 2533 oratione
479 2469 635 2532 exornari
671 2468 858 2533 rectissime
900 2468 1037 2532 iudicat.
1084 2467 1137 2532 De
1169 2489 1235 2531 una
1274 2482 1389 2532 autem
1431 2489 1470 2530 re

288 2576 505 2639 dissentimus
528 2597 547 2638 a
572 2575 752 2659 Rupertio,
777 2576 870 2659 quod
895 2597 973 2639 cum
996 2576 1050 2638 ille
1077 2576 1253 2640 exordium
1279 2598 1333 2637 vv.
1355 2578 1410 2637 l—
1428 2577 1469 2637 12

288 2683 452 2746 contineri
502 2695 638 2758 statuat,
684 2703 746 2745 nos
788 2705 820 2745 v.
853 2685 895 2744 22
926 2685 1062 2747 demum
1096 2684 1181 2746 finiri
1217 2684 1469 2748 contendimus.

287 2789 349 2853 He
360 2789 452 2855 rtzb
463 2811 481 2854 e
491 2789 644 2877 rgii***)
658 2791 835 2866 sententia,
849 2791 906 2876 qui
919 2803 1026 2854 totam
1042 2792 1180 2854 satiram
1194 2793 1278 2856 duas
1290 2792 1324 2854 in
1347 2803 1471 2876 partes

289 2897 506 2962 dividendam
542 2919 617 2961 esse
653 2911 769 2961 censet
804 2919 948 2983 quarum
983 2899 1016 2960 in
1040 2899 1146 2962 altera
1170 2900 1214 2962 de
1238 2898 1472 2984 philosophia,

288 3005 396 3070 altera
420 3005 463 3068 de
487 3005 610 3089 peritia
633 3007 774 3069 tractari
798 3005 852 3068 ille
877 3027 920 3068 ex
944 3028 998 3068 vv.
1027 3007 1064 3069 19
1078 3028 1153 3091 sqq
1172 3007 1315 3070 conicit
1299 3025 1480 3091 ,prorsus

292 3112 465 3176 reicienda
489 3112 586 3175 nobis
612 3112 704 3176 videt
692 3125 755 3176 t.ur
802 3111 872 3176 Sed
909 3112 998 3175 illam
1027 3113 1241 3182 sententiam
1256 3114 1475 3199 generalem,

289 3241 377 3305 quae
402 3241 454 3283 vv.
483 3221 609 3305 l9sqq
635 3221 837 3325 continetur,
861 3220 923 3283 nisi
948 3219 1055 3296 fallor,
1080 3231 1184 3306 poeta
1219 3220 1480 3304 interposuisse

289 3327 433 3407 videtur,
470 3349 547 3413 qua,
584 3339 621 3390 ut
656 3328 690 3389 in
726 3340 879 3390 extremo
905 3328 1028 3391 satirae
1054 3320 1239 3391 exordiol
1224 3329 1340 3391 facere
1365 3327 1469 3406 solet,

290 3435 465 3519 superiora
502 3435 649 3521 colligat.
707 3434 982 3518 Exploremus
974 3435 1035 3520 igit
1038 3457 1076 3496 ur
1121 3434 1223 3520 paulo
1270 3435 1475 3497 accuratius

289 3542 386 3605 huius
411 3542 534 3606 satirae
559 3542 824 3627 dispositionem
871 3540 929 3606 Sic
954 3540 1024 3608 fere
1047 3555 1151 3627 poeta
1174 3541 1339 3625 loquitur:
1378 3539 1472 3605 Sunt

290 3649 387 3713 multi
409 3648 638 3726 fraudatores,
663 3649 768 3713 multo
793 3650 909 3735 plures
933 3649 1011 3712 mali
1035 3671 1138 3735 quam
1154 3649 1259 3732 boni(
1263 3671 1294 3712 v.
1306 3649 1371 3711 23-
1378 3648 1472 3728 3)8

290 3778 376 3785 -ωη
381 3778 501 3784 ..Ψ-..-

355 3826 382 3890 *)
402 3827 544 3880 Assentior
563 3827 656 3880 Beerio
677 3826 776 3893 (Spicil.
796 3827 920 3880 Juvenal.
941 3828 1009 3882 1885
1019 3843 1080 3894 pag
1092 3829 1138 3890 46)
1129 3829 1204 3892 qm
1197 3827 1284 3893 qnod
1307 3826 1479 3878 scholiastes

398 3915 487 3984 exigui
506 3917 606 3970 satirae
625 3916 690 3969 XVI
709 3915 826 3968 ambitus
851 3931 959 3969 causam
978 3915 1074 3968 afferre
1096 3915 1194 3981 omisit,
1215 3932 1267 3981 qua
1288 3915 1387 3981 optime
1407 3929 1465 3966 eam

398 4006 431 4058 ab
450 4005 583 4060 Iuvenale
610 4005 764 4058 abiudicare
785 4014 883 4072 posset,
904 4021 936 4059 ex
950 4021 979 4058 eo
993 4004 1117 4058 concludi
1130 4020 1207 4072 posse
1220 4004 1340 4058 affirmat
1352 4003 1467 4054 satiram

396 4113 451 4150 nou
470 4097 651 4164 lragmentum
680 4112 696 4148 a
723 4105 804 4161 poeta
831 4096 875 4148 vel
899 4095 933 4148 ab
958 4094 1051 4148 amicis
1077 4095 1260 4162 imperfectum
1280 4092 1378 4146 editam
1400 4107 1467 4158 esse,

397 4185 443 4238 sed
453 4201 517 4238 casu
527 4185 616 4252 aliquo
626 4184 692 4237 folia
702 4184 798 4236 ultima
808 4184 906 4238 codicis
917 4183 1055 4251 archetypi
1065 4180 1278 4246 intercidissent
1285 4180 1474 4234 Buechelerus

396 4275 482 4327 Rhen.
502 4275 569 4329 Mus.
589 4274 644 4338 29).

344 4363 384 4428 **)
405 4363 444 4417 ed.
465 4371 516 4417 sat.
536 4363 660 4416 Juvenal.
680 4379 701 4417 c.
722 4370 861 4417 comment.
882 4363 992 4431 Leipzig
1013 4364 1090 4419 1819.

335 4453 392 4518 ***)
412 4453 536 4506 translat.
557 4463 608 4508 sat.
627 4453 750 4508 Juvenal.
771 4453 911 4521 stuttgart
931 4455 1103 4519 (1864-67).
