3282 5152
754 493 792 553 21
845 525 885 536 ..

187 708 318 780 septem
359 705 494 756 secreto
536 690 688 753 cenavit“
744 690 810 771 (vv.
852 687 893 750 94
930 697 964 750 et
1000 683 1056 765 95)
1096 695 1130 747 et
1180 661 1392 764 ,Antiquis'

187 825 253 867 una
301 798 487 865 comedunt
539 795 742 881 patrimonia
788 798 924 858 mensal
974 796 1017 873 (v.
1070 790 1143 869 138)
1189 789 1276 852 inter
1323 807 1359 850 se

188 909 382 976 contuleris.
430 905 531 982 Quae
578 926 656 969 cum
702 904 749 966 ita
796 904 872 976 sint,
920 923 974 964 vv.
1026 898 1165 969 127-131
1226 894 1358 972 eodem,

186 1040 256 1104 quo
315 1028 386 1078 tota
443 1013 597 1098 quaestio
656 1010 774 1084 tendit,
843 1008 1012 1072 relerendi
1045 1016 1150 1083 sunt,
1198 1002 1243 1067 ad
1287 1000 1361 1064 illas

188 1125 308 1188 sordes
347 1121 468 1197 divitis,
507 1141 592 1205 quas
630 1129 735 1203 poeta
774 1117 840 1180 iam
878 1137 933 1179 νν.
971 1115 1012 1177 94
1045 1126 1079 1177 et
1103 1110 1145 1175 95
1169 1121 1360 1186 notaverat,

189 1251 333 1316 eamque
359 1228 402 1292 ob
426 1248 565 1292 causam
589 1225 667 1289 loco
692 1245 753 1288 suo
776 1222 942 1287 retinendi
967 1243 1041 1285 esse
1065 1219 1163 1284 nobis
1194 1218 1359 1282 videntur.

187 1338 266 1402 Hoc
290 1357 371 1400 vero
395 1335 498 1398 modo
522 1332 721 1418 Juvenalem
738 1331 783 1395 ad
799 1331 986 1394 orationem
1002 1329 1104 1413 longe
1121 1345 1361 1412 praegressam

190 1445 312 1530 exigua
347 1449 419 1506 arte
457 1440 664 1505 descendere
699 1439 754 1502 vel
786 1438 899 1522 potius
928 1435 1154 1520 praecipitare
1179 1433 1257 1497 licet
1281 1453 1363 1521 con-

190 1551 378 1616 cedendum
404 1549 457 1625 sit,
483 1560 595 1611 tamen
620 1547 646 1610 si
671 1546 746 1630 quis
771 1544 817 1608 ad
840 1545 911 1606 eius
933 1541 1216 1607 consuetudinem
1242 1541 1363 1604 satiras

187 1657 417 1742 componendi
442 1654 636 1728 attenderit,
661 1654 695 1716 id
719 1673 787 1714 non
800 1671 943 1736 magnae
958 1639 1138 1714 offensioni
1152 1669 1225 1712 esse
1238 1659 1362 1733 potest.

279 1763 376 1826 Haec
402 1763 491 1824 enim
517 1759 777 1843 compositionis
799 1759 880 1820 vitia
910 1757 1005 1833 ‚unde
1050 1756 1239 1842 repetenda
1285 1756 1361 1832 sint,

188 1871 216 1933 si
237 1870 422 1954 quaeritur,
446 1867 609 1951 imprimis
633 1865 785 1929 videmus
820 1865 1020 1949 Juvenalem
1055 1865 1088 1926 in
1116 1863 1364 1949 persequendis

189 1977 238 2039 eis
279 1973 391 2050 rebus,
430 1974 472 2037 de
512 1974 634 2060 quibus
673 1974 704 2035 in
749 1973 859 2036 satiris
898 1973 1021 2058 agitur,
1038 2041 1040 2046 ,
1060 1972 1158 2036 nimis
1198 1982 1363 2056 angustae

189 2084 408 2168 minutaeque
443 2082 636 2168 diligentiae
672 2081 859 2166 indulgere,
896 2101 963 2165 qua
997 2079 1135 2165 quidem
1171 2099 1275 2163 saepe
1300 2099 1364 2163 pro

187 2191 417 2254 concinnitate
455 2191 617 2254 orationis
655 2189 789 2273 longius
834 2209 853 2249 a
892 2208 928 2250 re
976 2187 1152 2271 proposita
1214 2184 1362 2249 aberrat.

186 2297 391 2383 Priusquam
417 2318 494 2360 vero
518 2296 563 2359 ad
586 2298 675 2359 hanc
699 2316 771 2357 rem
784 2294 892 2379 ipsam
909 2294 1157 2380 aggrediamur,
1175 2293 1363 2356 sententiae

191 2424 307 2465 eorum
346 2403 505 2478 virorum,
531 2403 586 2487 qui
619 2401 661 2464 de
687 2399 963 2486 digressionibus,
1005 2402 1151 2486 quaein
1190 2399 1363 2485 Juvenalis

190 2509 299 2572 satiris
346 2522 522 2593 apparent,
571 2509 837 2592 disputaverunt.
885 2508 1116 2572 recensendae
1156 2509 1235 2571 mihi
1275 2519 1364 2571 sunt.

170 2615 266 2680 ⁴Hoc
294 2617 328 2678 in
355 2637 496 2680 numero
528 2615 815 2701 suntLupus,*)
835 2613 1363 2702 quiprorsusHermanum**)
1430 2606 1433 2612 ’

188 2736 323 2788 secutus
337 2736 398 2801 est,
410 2736 444 2787 et
453 2723 589 2788 Weise
600 2723 720 2806 us***)
734 2723 848 2808 Atque
858 2723 987 2808 Lupus,
997 2721 1366 2808 quamquamRibbek-

190 2829 282 2891 kium
289 2831 465 2894 haudraro
472 2831 680 2916 gravissimis
690 2832 800 2895 causis
814 2830 923 2893 allatis
942 2829 1126 2914 redarguit,
1136 2841 1250 2893 tamen
1259 2831 1366 2892 omni-

190 2934 253 2998 bus
288 2936 321 2997 in
357 2936 458 3000 rebus
493 2959 560 3000 non
585 2939 665 3001 satis
690 2949 790 3002 caute
815 2959 887 3000 rem
910 2938 1086 3001 instituere
1115 2937 1194 3000 mihi
1220 2936 1363 2999 videtur.

191 3041 342 3118 Nam,ut
366 3045 559 3129 complures
583 3046 705 3108 satirae
737 3047 769 3109 V
793 3045 886 3108 locos
910 3044 954 3108 ab
979 3043 1035 3106 illo
1067 3048 1098 3106 in
1136 3045 1364 3128 suspicionem

190 3162 332 3214 vocatos
357 3164 547 3228 conservet,
571 3174 693 3236 parum
718 3173 860 3238 gravem
878 3173 1015 3216 causam
1033 3152 1146 3228 affert,
1172 3173 1248 3215 cum
1267 3151 1362 3216 dicit:

192 3259 322 3336 ,oratio
358 3279 425 3320 uno
460 3280 594 3344 semper
622 3273 740 3324 tenore
773 3259 996 3344 progrediens
1021 3279 1259 3345 quemcunque
1295 3261 1366 3324 lec-

190 3377 298 3428 torem
322 3365 542 3450 defatigaret,
578 3368 640 3430 nisi
664 3367 833 3430 interdum
848 3365 1006 3430 brevibus
1031 3367 1246 3430 deverticulis
1262 3367 1365 3430 inter-

191 3473 435 3555 rumperetur.“
487 3472 535 3534 At
569 3495 686 3538 omnes
711 3473 937 3559 digressiones
972 3473 1188 3539 Ribbeckius
1227 3475 1364 3537 omnino

192 3599 259 3641 non
272 3580 453 3665 vituperat,
478 3580 540 3644 sed
554 3579 638 3644 tales
650 3594 792 3657 tantum,
816 3603 904 3667 quae
917 3604 937 3645 a
962 3603 1045 3646 sono
1070 3595 1103 3646 et
1118 3595 1236 3646 tenore
1261 3581 1364 3644 totius

190 3684 257 3748 loci
280 3707 419 3769 prorsus
442 3687 639 3751 abhorrent.
680 3689 846 3774 Imprimis
870 3711 952 3753 vero
976 3690 1096 3774 Lupus
1120 3691 1153 3752 in
1176 3689 1228 3752 his
1253 3689 1365 3750 diver-

186 3791 303 3856 ticulis
326 3795 512 3860 statuendis
537 3795 634 3859 nimis
658 3795 758 3881 longe
775 3797 936 3883 progredi
953 3797 1098 3861 videtur.
1138 3795 1261 3882 Neque
1276 3796 1364 3858 enim

191 3899 384 3985 complures
408 3921 523 3987 versus
548 3903 756 3989 singularum
772 3905 963 3981 satirarum,
988 3925 1073 3988 quos
1089 3905 1156 3968 hoc
1173 3904 1364 3966 innumero

190 4007 304 4088 habet,
341 4029 408 4070 non
444 4009 545 4072 modo
580 4032 600 4073 a
635 4031 765 4073 summa
800 4012 847 4075 rei
872 4011 969 4075 alieni
995 4023 1082 4087 sunt,
1107 4010 1168 4074 sed
1192 4010 1236 4073 ad
1260 4010 1364 4073 totius

191 4112 257 4177 loci
299 4115 501 4178 sententiam
536 4135 676 4200 prorsus
713 4118 896 4182 necessarii
933 4130 1020 4180 sunt.
1069 4115 1122 4181 Ac
1169 4118 1364 4201 nuperrime

195 4239 402 4250 *—

227 4292 252 4355 *J
272 4293 410 4348 Vindicius
428 4294 525 4348 Juven.
546 4295 608 4348 diss.
628 4297 703 4349 Bomr
724 4297 803 4350 1864.

228 4380 267 4444 ”l
286 4381 441 4436 Zeitsohrift
461 4386 505 4436 tllr
525 4384 830 4438 Altertumswissensoh.
871 4385 947 4438 1844.

209 4472 268 4535 ***)
289 4471 397 4536 Quaest.
416 4472 513 4526 Juven.
534 4474 595 4528 diss
616 4474 694 4528 Halle
716 4475 793 4529 1885.
