3282 5152
654 462 875 528 ...15-

181 668 287 748 Quod
311 667 450 755 quidem
474 666 521 728 ita
545 685 581 728 se
604 661 732 727 habere
757 682 834 725 cum
858 658 971 723 multis
995 679 1039 740 ex
1062 656 1135 720 aliis
1159 654 1262 718 rebus
1286 665 1359 717 tum

182 800 223 842 ex
247 775 464 840 similitudine
482 771 644 858 cognosci
661 780 787 854 potest,
816 789 904 853 quae
929 764 1109 830 intercedit
1133 763 1221 826 inter
1245 761 1352 826 verba

180 908 234 948 vv.
261 883 348 948 5-—9
373 894 407 947 et
432 901 483 956 ea,
508 899 595 964 quae
620 878 665 941 ad
689 875 908 940 efficiendam
933 871 1166 937 transitionem
1195 882 1300 955 poeta
1324 869 1358 931 in

179 1015 235 1057 vv.
266 991 327 1055 190
352 1009 427 1074 sqq.
452 986 605 1050 adhibet:
631 981 875 1067 Comparanda
899 992 977 1044 sunt
1001 980 1064 1059 ,illa
1092 977 1199 1042 verba
1228 999 1260 1040 v.
1297 975 1356 1046 197

184 1097 295 1178 ,nulla
318 1095 493 1160 incendia“
521 1105 556 1157 et
578 1115 611 1154 ν.
636 1092 699 1154 268
726 1090 883 1166 „diversa
906 1089 1078 1174 pericula“
1110 1107 1188 1151 cum
1220 1107 1275 1148 vv.
1303 1085 1358 1170 7)8
1447 1083 1455 1102 ’

185 1204 362 1287 „incendia
384 1239 427 1249 -
450 1201 631 1287 pericula.“

289 1292 358 1357 Sed
395 1303 432 1355 ut
471 1292 505 1353 in
544 1289 637 1352 initio
676 1287 941 1369 uniuscuiusque
981 1283 1053 1348 sere
1092 1284 1215 1348 satirae
1256 1295 1360 1368 poeta

184 1400 331 1463 breviter
365 1397 539 1484 proponit,
577 1396 619 1459 de
655 1394 777 1481 quibus
820 1393 1032 1478 potissimum
1068 1391 1170 1455 rebus
1205 1389 1268 1454 sibi
1293 1390 1362 1454 dis-

183 1507 372 1590 putandum
396 1506 449 1580 sit,
474 1505 521 1567 ita
545 1526 621 1568 eum
639 1504 671 1566 in
689 1501 830 1589 'singulis
841 1501 1020 1565 satirarum
1030 1497 1207 1584 particulis
1220 1497 1360 1561 eosdem

182 1614 295 1678 sulcos
319 1614 447 1677 ducere
473 1611 572 1675 facile
596 1611 761 1696 cognosci
784 1621 908 1694 potest.

289 1722 327 1784 In
352 1732 450 1784 sexta
474 1717 614 1803 quidem
638 1718 741 1779 satira
764 1728 902 1804 poetam
927 1736 985 1778 eas
1009 1735 1074 1790 reS,
1114 1735 1199 1798 quas
1232 1734 1269 1776 se
1302 1713 1362 1776 de-

184 1829 392 1912 scripturum
416 1845 490 1888 esse
504 1825 571 1887 iam
587 1846 642 1886 vv.
671 1823 843 1886 133-136
869 1822 1090 1898 indicaverat,
1121 1821 1199 1884 inde
1216 1843 1236 1884 a
1253 1844 1283 1884 v.
1296 1821 1362 1883 610

183 1945 398 2019 pertractare
411 1931 619 1996 Schoenai
629 1931 743 1994 chius
753 1930 783 2014 *)
794 1942 887 1994 recte
900 1929 1120 1992 demonstrat.
1135 1927 1206 2003 Qui
1224 1928 1362 2014 quidem

185 2061 391 2126 quamquam
415 2063 469 2102 vv.
499 2040 670 2101 133-136
695 2061 715 2102 a
738 2037 935 2103 Ribbeckio
960 2035 1117 2120 Juvenali
1146 2035 1362 2101 abiudicatos

181 2147 424 2232 Juvenalianos
449 2168 522 2210 esse
546 2146 734 2209 rectissime
760 2145 919 2220 affirmat,
944 2157 1058 2208 tamen
1081 2165 1149 2207 non
1163 2144 1245 2207 satis
1258 2144 1361 2228 plane

182 2254 344 2339 explicat,
369 2276 457 2339 quae
482 2255 569 2317 ratio
593 2255 681 2316 inter
705 2252 779 2315 illos
804 2252 889 2316 duos
913 2253 1008 2316 locos
1033 2251 1237 2315 intercedat.
1269 2251 1361 2314 Nam
1384 2249 1386 2255 ⁸

183 2362 211 2423 si
235 2361 396 2422 attentius
419 2360 551 2445 singula
577 2359 681 2422 verba
706 2360 962 2436 examinaveris
988 2359 1154 2444 perfacile
1185 2358 1361 2445 intelleges

185 2465 268 2528 illud
306 2465 578 2550 ,Hippomanes“
613 2471 661 2547 ,(ν.
702 2468 774 2547 133)
810 2466 900 2530 idem
939 2487 1023 2542 esse,
1053 2467 1145 2550 quod
1175 2465 1362 2546 ,Thessala

182 2572 299 2636 vendit
334 2571 486 2635 Philtra‘·
522 2574 568 2657 (v.
605 2573 832 2659 61Ο)611)**),
871 2581 1055 2651 „carmen“
1081 2574 1129 2650 (v.
1159 2575 1233 2655 133)
1260 2575 1363 2638 unum

181 2681 341 2766 idemque
367 2681 494 2758 valere,
519 2682 623 2768 quod,
656 2683 982 2758 „maiores-cantus“
1015 2683 1057 2753 (v.
1089 2682 1181 2762 610),
1215 2682 1362 2765 denique

185 2789 266 2872 quid
292 2788 347 2851 illo
373 2800 602 2876 „coctumque
626 2811 795 2853 venenum
807 2789 1039 2874 Privignoque
1064 2788 1204 2851 datum“
1225 2791 1271 2866 (v.
1288 2789 1363 2872 134)

166 2906 288 2979 ‘poeta
312 2895 492 2980 significari
523 2897 679 2973 voluerit,
705 2898 733 2959 si
755 2897 829 2982 quis
855 2919 886 2958 v.
916 2897 976 2958 134
1002 2889 1158 2960 cum'vv.
1188 2897 1251 2959 629
1289 2916 1364 2980 sqq.

186 3001 409 3086 ,‚priviginum
452 3041 492 3050 —
532 3016 583 3066 est
607 3008 681 3066 res“
713 3005 975 3089 comparaverit,
1024 3003 1121 3067 facile
1167 3015 1363 3088 cognoscet.

184 3106 452 3173 Schoenaichius
477 3111 612 3195 quidem
636 3132 708 3174 rem
733 3133 798 3175 acu
822 3133 890 3175 non
921 3112 1070 3198 tetigisse
1103 3111 1181 3174 mihi
1215 3111 1361 3186 videtur,

183 3217 240 3300 qui
274 3215 432 3280 mulieres
468 3217 595 3283 audere
629 3219 816 3304 privignos,
850 3220 877 3282 si
912 3220 1015 3283 modo
1040 3219 1209 3294 resistant,
1235 3239 1362 3303 cogere

184 3545 359 3600 nummos“
383 3559 553 3601 venenum
577 3538 659 3602 dare
684 3561 728 3603 ex
744 3562 799 3602 vv.
818 3542 881 3603 613
899 3563 974 3627 sqq.
994 3542 1113 3605 elucet.
1138 3541 1193 3604 Ex
1210 3540 1361 3604 eiusdem

184 3642 308 3705 satirae
331 3645 486 3708 versibus
521 3646 578 3707 161
611 3667 685 3732 sqq.
719 3648 804 3711 haec
852 3649 974 3712 eadem
998 3659 1122 3732 poetae
1148 3647 1363 3712 consuetudo

185 3749 320 3812 eminet.
365 3751 437 3815 Res
474 3753 574 3829 enim,
610 3774 697 3838 quae
734 3755 799 3820 hac
834 3755 867 3817 in
892 3757 995 3819 satira
1028 3756 1229 3819 tractandae
1254 3766 1363 3830 erunt,

183 3855 376 3919 indicantur
409 3859 501 3924 hisce
537 3858 651 3923 verbis
687 3860 733 3942 (v.
775 3863 865 3944 162);
902 3862 977 3940 „Sit
1013 3863 1176 3939 formosa,
1221 3862 1360 3937 decena,

184 3965 290 4039 diveS,
300 3964 461 4042 fecunda,
474 3979 628 4033 vetustos
640 3966 832 4033 Porticibus
845 3970 1005 4055 disponat
1017 3991 1112 4047 avos
1125 3971 1363 4047 intactior—‘2

184 4070 209 4134 S
225 4074 378 4138 choen
392 4095 412 4135 a
424 4074 636 4160 ichius***)
661 4077 762 4140 etiam
778 4080 844 4143 hoc
861 4080 937 4143 loco
961 4062 1077 4143 omrles
1101 4080 1253 4156 virtutes,
1277 4101 1365 4165 quae

253 4215 315 4278 *)1.
335 4232 355 4270 o.
376 4231 439 4283 pag.
459 4217 502 4270 31.

238 4301 279 4366 **)
299 4304 396 4358 Confer
433 4306 594 4361 scholiastae
631 4310 835 4363 adnotationem
855 4310 896 4363 ad.
928 4327 950 4364 v.
975 4311 1027 4364 133
1066 4311 1273 4379 „Hippomanes
1287 4312 1365 4364 -ad

293 4395 454 4448 amatorias“
474 4413 533 4450 oum
554 4397 774 4452 adnotationibus
794 4399 827 4451 ad
846 4415 872 4454 v.
891 4402 941 4454 611
964 4401 1292 4468 ,‚philtra-amatorias.“

221 4481 277 4546 aaa)
297 4482 314 4534 1·
335 4498 357 4536 ο.
378 4500 441 4552 Μ
461 4489 486 4540 8,
1004 4503 1007 4512 .
