3282 5152
725 441 949 504 „32-

241 635 456 719 positionem.
503 635 675 719 Juvenalis
699 636 732 698 in
756 637 871 724 priore
896 638 1019 701 satirae
1042 649 1141 724 parte
1166 638 1234 718 (vv.
1260 635 1422 716 2148),

244 740 365 827 quibus
389 741 599 826 potissimum
624 744 735 807 causis
752 743 799 807 ad
821 744 943 808 satiras
967 743 1165 808 scribendas
1186 743 1344 828 impulsus
1358 743 1420 820 sit,

241 849 401 914 ostendit.
449 849 544 914 Haec
579 851 703 915 satirae
737 871 818 935 pars
851 851 954 915 facile
989 850 1022 913 in
1057 851 1206 936 quinque
1230 849 1418 934 particulas

240 956 313 1019 sine
337 957 405 1021 ulla
428 969 501 1021 arte
525 959 612 1022 inter
626 979 661 1022 se
687 979 836 1022 conexas
860 957 1015 1020 distribui
1038 970 1165 1042 potest,
1189 956 1311 1043 quibus
1335 957 1419 1020 vitia

243 1065 452 1150 sceleraque,
484 1087 572 1150 quae
602 1077 673 1129 tum
697 1065 901 1151 pervulgata
926 1076 1032 1140 erant,
1058 1065 1277 1150 castigantur.
1325 1064 1418 1126 Tum

243 1171 321 1234 inde
346 1193 366 1235 a
394 1195 423 1236 v.
449 1173 490 1235 63
514 1194 577 1257 per
600 1173 793 1258 graviorem
817 1173 976 1235 transitus
1002 1171 1182 1235 formulam
1207 1193 1296 1234 nova
1312 1171 1418 1234 series

243 1278 399 1341 similium
422 1279 590 1343 scelerum
615 1280 816 1344 conectitur.
863 1278 994 1343 Versus
1021 1279 1095 1349 73-
1111 1278 1150 1349 76
1175 1289 1290 1341 autern
1321 1298 1418 1340 more

242 1386 412 1450 rhetorico
436 1387 603 1450 interiecti
627 1387 789 1450 orationis
813 1387 1076 1450 concinnitatem
1093 1385 1191 1449 valde
1215 1383 1419 1469 perturbare

244 1492 401 1556 videntur
424 1514 546 1578 neque,
570 1506 608 1556 ut
631 1493 899 1558 Schoenaichius
922 1493 1117 1568 arbitratur,
1160 1514 1231 1556 rem
1267 1492 1420 1578 generali

245 1603 411 1663 sententia
446 1601 490 1664 ad
536 1601 637 1663 finem
671 1599 875 1684 perducunt.
930 1599 1086 1686 Denique
1118 1621 1172 1662 vv.
1199 1599 1330 1670 77-78
1356 1621 1419 1684 per

243 1707 517 1792 interrogationis
531 1707 673 1770 formam
686 1707 731 1770 ad
743 1707 966 1770 intermissam
976 1708 1134 1770 vitiorum
1149 1707 1418 1790 descriptionem

243 1830 349 1901 poeta
382 1818 575 1880 revertitur:
602 1817 739 1894 „Quem
771 1819 899 1901 patitur
931 1818 1077 1882 dormire
1101 1838 1204 1881 nurus
1240 1829 1420 1902 corruptor

244 1933 369 1987 avarae
384 1923 498 2000 Quem
515 1947 660 2010 sponsae
673 1939 790 2009 turpes
803 1938 837 1988 et
849 1937 1082 2008 praetextatus
1093 1927 1288 2006 adulter.“*)
1303 1925 1417 1989 Credo

244 2031 423 2115 diligenter
439 2043 636 2117 attenteque
646 2032 799 2118 legentes
808 2033 873 2096 hoc
887 2031 963 2096 loco
975 2037 1052 2116 pest
1066 2033 1156 2096 illam
1171 2032 1414 2118 digressionem

245 2161 265 2201 a
289 2151 392 2222 poeta
428 2139 621 2201 universam
652 2139 800 2225 aliquam
824 2140 1025 2202 sententiam
1050 2152 1311 2224 exspectaturos
1336 2159 1409 2213 esse,

244 2268 312 2331 qua
336 2247 454 2310 melius
478 2246 522 2309 ad
547 2267 711 2308 summam
724 2247 931 2331 quaestionis
950 2259 1164 2311 revocentur.
1203 2245 1347 2312 Praeter
1359 2267 1410 2308 ex-

242 2355 492 2437 spectationem
517 2365 550 2416 et
573 2354 812 2417 necessitatem
836 2365 938 2436 poeta
956 2353 1023 2416 duo
1037 2353 1193 2438 exempla
1210 2354 1416 2439 ineptissime

243 2461 400 2536 inculcat,
425 2460 548 2546 quibus
572 2461 733 2523 orationis
757 2461 991 2545 perspicuitati
1015 2461 1107 2523 haud
1132 2462 1177 2524 ita
1210 2461 1309 2523 valde
1339 2481 1420 2525 con-

243 2569 330 2632 sulit.
378 2566 565 2631 Teuffelius
602 2567 703 2652 igitur
743 2589 774 2630 v.
814 2569 854 2637 76
887 2569 1131 2631 sententiarum
1163 2568 1280 2630 seriem
1326 2567 1414 2628 finiri

242 2688 336 2738 recte
359 2675 496 2750 iudicat,
532 2695 643 2758 neque
667 2695 749 2738 vero
775 2674 920 2737 eundem
944 2674 1053 2737 virum
1078 2675 1208 2760 effugit,
1242 2673 1332 2758 quod
1356 2672 1412 2736 illo

242 2804 343 2846 versu
360 2794 431 2845 tota
444 2782 592 2844 narratio
610 2803 750 2865 prorsus
775 2803 842 2846 non
865 2793 979 2867 potest
1004 2783 1172 2847 concludi.
1209 2781 1279 2846 Sed
1297 2794 1412 2844 nostro

244 2889 384 2976 quidem
422 2888 546 2952 iudicio
586 2910 640 2951 vv.
683 2889 815 2959 73-76
855 2889 990 2952 omnino
1030 2911 1097 2952 non
1138 2890 1183 2952 ad
1228 2889 1411 2952 finiendum

243 2996 345 3081 positi
377 2995 478 3080 plane
514 2996 671 3078 perlecta
706 3006 740 3058 et
775 2996 930 3059 absoluta
955 2996 1121 3081 digressio
1152 2997 1311 3059 videntur
1336 3017 1418 3059 esse.

243 3103 410 3187 Exempla
449 3101 595 3186 denique
634 3124 688 3166 vv.
731 3103 768 3173 77
812 3114 846 3165 et
887 3104 925 3172 78
966 3119 1043 3189 pro'
1063 3104 1214 3189 generali
1255 3103 1420 3166 sententia

245 3209 421 3273 interiecta
445 3210 554 3272 minus
578 3209 758 3292 offensioni
782 3222 906 3286 essent,
930 3211 957 3273 si
981 3210 1026 3273 ad
1049 3211 1178 3274 maiora
1195 3211 1420 3274 ascenderent

246 3327 279 3379 et
302 3316 539 3401 gradationem
565 3315 751 3380 efficerent.
795 3315 901 3392 Quae
927 3337 1003 3380 cum
1027 3317 1074 3380 ita
1098 3329 1185 3394 sunt,
1210 3330 1326 3381 nostro
1343 3317 1420 3380 loco

244 3443 312 3486 non
337 3423 465 3507 duplex
498 3421 707 3501 recensio**)
748 3423 811 3486 sed
845 3423 899 3487 ille
935 3424 1136 3488 iniucundus
1177 3424 1420 3488 sententiarum

244 3531 403 3594 circuitus
438 3530 638 3593 statuendus
673 3529 771 3594 nobis
807 3542 869 3606 est,
906 3553 973 3615 quo
1013 3530 1150 3616 quidem
1188 3551 1282 3595 more
1318 3544 1422 3615 poeta

243 3639 289 3702 ad
313 3637 415 3714 idem,
449 3637 540 3700 unde
576 3638 805 3723 argumentari
840 3658 936 3700 orsus
961 3651 1022 3714 est,
1047 3659 1204 3701 reversus
1229 3639 1417 3701 orationem

244 3746 455 3831 digressione
478 3745 702 3829 interruptam
725 3745 910 3808 adnectere
935 3746 1058 3809 studet.

351 3852 442 3916 Vide
466 3852 530 3915 alia
555 3852 704 3916 similiter
722 3852 936 3917 conformata
952 3853 986 3915 in
1003 3853 1126 3916 satirae
1138 3852 1189 3916 Vl
1199 3876 1255 3916 vv.
1273 3853 1336 3916 588
1347 3874 1420 3938 sqq.

243 3957 678 4044 Schoenaichius***)
729 3959 916 4024 rectissime
973 3958 1156 4036 Teuffelio‚
1207 3961 1264 4045 qui
1311 3973 1421 4023 trans-

247 4070 510 4148 Tite-ctissime
529 4083 577 4136 hos
596 4098 688 4136 versus
708 4083 859 4151 Madvigius
879 4084 950 4152 (opp.
970 4083 984 4135 I
1002 4099 1064 4150 pag.
1084 4085 1132 4147 40)
1147 4066 1346 4150 interpretatus
1366 4088 1416 4136 est.
1458 4099 1461 4106 ·

291 4172 331 4242 **)
351 4174 520 4240 Mosengelus
549 4173 622 4237 (diss.
650 4173 761 4241 Erlang.
789 4177 867 4240 1887)
888 4171 958 4240 quod
985 4179 1056 4226 recte
1076 4172 1221 4226 Teuffelius
1250 4174 1307 4240 ipse
1326 4180 1421 4240 poetae

351 4262 486 4330 proprium
515 4278 572 4316 esse
600 4261 749 4330 profitetur,
778 4263 805 4316 id
833 4263 867 4316 ad
895 4263 969 4316 illam
997 4263 1158 4316 sententiam
1188 4262 1239 4315 viri
1276 4261 1422 4316 doctissimi

352 4351 524 4406 refutandam
545 4351 663 4406 adhibet.

278 4441 371 4507 ***)1.
393 4457 415 4495 o.
437 4457 501 4509 pag.
524 4441 567 4496 18.
