3282 5152
666 992 873 1114 lita.

289 1433 417 1518 Hugo
453 1429 642 1494 Carolus
678 1427 934 1492 Ludovicus
967 1428 1117 1512 Sydow
1151 1438 1250 1490 natus
1284 1447 1359 1490 sum

179 1540 213 1602 in
239 1539 369 1625 oppido
393 1537 543 1601 Borusso
566 1535 624 1599 Dt.
651 1535 765 1600 Crone
790 1535 846 1599 die
870 1533 1008 1598 XXVII
1032 1557 1075 1599 m.
1101 1534 1192 1619 Aug.
1218 1555 1249 1596 a.
1276 1533 1308 1597 h.
1343 1555 1358 1597 s

179 1645 265 1710 LIX
305 1657 404 1730 patre
443 1642 611 1707 Guilelmo
646 1654 753 1705 matre
788 1641 986 1725 Johannae
1017 1653 1120 1728 gente
1144 1639 1356 1704 Perdelwitz

180 1774 268 1837 quos
292 1752 404 1815 adhuc
430 1749 544 1813 vivere
569 1769 779 1834 magnopere
802 1748 948 1835 gaudeo
984 1748 1081 1812 Fidei
1105 1747 1263 1812 addictus
1282 1768 1356 1810 sum

182 1858 414 1943 evangelicae.
475 1855 662 1939 Postquam
707 1855 740 1918 in
779 1854 917 1939 oppido
956 1853 1147 1918 Pomerano
1192 1853 1352 1917 Demmin

180 1965 345 2050 pueritiae
363 1963 547 2048 disciplinis
564 1960 709 2026 imbutus
727 1962 805 2025 inde
822 1961 866 2025 ab
880 1983 967 2026 anno
985 1962 1066 2023 1808
1080 1960 1127 2024 ibi
1138 1962 1355 2048 gymnasium

181 2093 245 2156 per
280 2071 399 2135 decem
435 2090 541 2132 annos
578 2068 802 2153 frequentavi,
838 2080 983 2132 exeunte
1019 2089 1107 2131 anno
1148 2069 1229 2140 1878
1267 2069 1354 2131 inter

181 2179 275 2242 cives
310 2175 549 2241 Universitatis
584 2174 810 2238 Berolinensis
850 2187 1008 2259 receptus
1043 2196 1116 2238 sum
1152 2187 1256 2260 atque
1290 2196 1354 2259 per

171 2285 286 2348 octies
325 2304 386 2346 sex
424 2303 558 2346 menses
596 2281 744 2345 Berolini
783 2282 907 2346 scholis
957 2283 1169 2368 philologieis
1218 2281 1354 2345 interfui

182 2389 331 2451 virorum
351 2389 610 2453 clarissimorum
628 2388 830 2464 Vahleui‚
854 2388 1078 2452 Kirchhoff
1086 2389 1130 2464 ii,
1149 2388 1358 2465 Robertii,

182 2494 420 2571 Huebneri‚
454 2494 698 2572 Schmidtii,
730 2494 881 2559 Curtii.
928 2493 1063 2570 Quibus
1087 2495 1241 2559 omnibus
1278 2495 1358 2561 viris

173 2601 385 2665 doctissimis
408 2602 466 2687 pio
491 2623 627 2688 semper
651 2603 763 2665 animo
787 2602 937 2665 debitam
959 2603 1107 2688 gratiam
1130 2601 1277 2666 habebo,

288 2707 391 2772 Anno
421 2711 503 2772 1884
528 2731 592 2794 pro
616 2709 781 2773 facultate
805 2709 951 2773 docendi
977 2689 1171 2772 examinato
1194 2709 1288 2774 haud
1312 2710 1360 2774 ita

184 2815 291 2877 multo
325 2827 405 2899 post
429 2817 565 2878 militiae
589 2837 709 2878 munus
733 2814 947 2879 subeundum
971 2828 1054 2879 erat.
1079 2815 1254 2879 Autumno
1279 2818 1358 2880 anni

158 2921 270 2998 91880
310 2921 419 2983 iussus
459 2941 534 2983 sum
571 2943 592 2984 a
631 2922 774 3008 collegio
813 2922 937 2986 scholis
976 2922 1120 3007 publicis
1156 2923 1356 3008 provinciae

180 3026 357 3092 Marchiae
381 3027 579 3112 praeposito
603 3027 635 3116 in
658 3029 836 3114 gymnasio
862 3027 1238 3115 Charlottenburgiensi
1271 3051 1354 3115 pro-

181 3133 285 3197 bandi
308 3153 411 3197 causa
435 3134 560 3198 docere
584 3133 697 3220 ibique
721 3135 799 3198 inde
823 3135 867 3198 ab
892 3157 980 3199 anno
1009 3137 1090 3206 1887
1117 3137 1353 3221 praeceptoris

182 3261 321 3303 munere
344 3239 479 3325 fungor.
