3282 5152
735 456 954 518 ..24-

257 646 440 734 querelia‚“
479 647 635 732 exemplo
681 648 724 712 de
760 649 828 713 vita
865 649 1098 714 Romanorum
1144 651 1256 714 media
1299 663 1459 735 sumpto

260 755 446 820 illustratur
470 745 558 819 hunc
583 755 615 817 in
643 755 793 819 modum:
838 755 893 836 „Si
918 756 1033 820 decies
1057 757 1152 827 lectis
1178 758 1311 821 diversa
1334 771 1454 841 parte

258 863 393 927 tabellis
417 862 516 926 Vana
551 863 753 947 supervacui
789 863 906 927 dicunt
942 843 1170 950 chirographa
1192 863 1284 950 ligni,
1309 862 1453 948 Arguit

259 972 411 1057 ipsorum
446 991 532 1057 quos
568 971 680 1034 littera
715 991 919 1056 gemmaque
963 948 1130 1056 princeps!
1162 970 1449 1056 Sardonychum‚

259 1078 377 1142 loculis
401 1098 489 1163 quae
514 1077 704 1141 custoditur
729 1076 892 1142 eburnis“
932 1077 1016 1142 Aliis
1040 1079 1123 1142 locis
1146 1099 1167 1140 a
1191 1091 1293 1163 poeta
1319 1099 1447 1141 exem-

258 1186 323 1270 plis
353 1185 494 1269 prolatis
528 1185 685 1248 universa
731 1186 899 1248 sententia
934 1185 1146 1270 subiungitur
1181 1187 1238 1260 ita,
1274 1196 1310 1248 ut
1341 1187 1443 1248 haud

260 1314 337 1356 raro
361 1291 440 1354 nihil
472 1291 563 1355 aliud
596 1292 657 1354 nisi
688 1292 862 1355 conclusio
895 1313 937 1356 ex
962 1292 1024 1354 illis
1052 1291 1140 1356 facta
1165 1293 1321 1356 videatur
1346 1313 1439 1370 esse,

257 1421 348 1485 quae
383 1419 636 1484 nonnumquam
678 1398 777 1462 valde
807 1399 1001 1484 languidam
1026 1412 1060 1462 et
1081 1399 1253 1482 illepidam
1278 1400 1434 1485 speciem

259 1529 342 1592 prae
378 1528 414 1570 se
450 1505 515 1570 fert
551 1526 661 1590 neque
685 1507 821 1570 omnino
857 1507 1048 1570 necessaria
1073 1507 1118 1592 ad
1142 1508 1243 1570 totius
1267 1507 1333 1571 loci
1356 1528 1436 1570 sen-

259 1616 399 1678 tentiam
435 1626 495 1676 est.
543 1614 661 1698 Itaque
697 1614 890 1677 cavendum
915 1627 976 1689 est,
1022 1634 1064 1676 ne
1113 1614 1303 1677 huiusmodi
1336 1613 1432 1677 locos

260 1721 351 1784 falce
377 1721 493 1784 critica
520 1741 723 1784 resecemus
774 1719 880 1784 Cuius
903 1722 1037 1806 generis
1063 1742 1106 1783 ex
1130 1722 1240 1784 satiris
1275 1741 1431 1805 promam

258 1828 417 1911 exempla
452 1829 555 1891 haec:
603 1826 640 1890 In
674 1827 796 1890 satirae
831 1827 916 1890 XIII
950 1851 982 1890 v.
1024 1830 1083 1890 loo
1119 1841 1222 1912 poeta
1257 1829 1431 1912 superiora

258 1935 417 2019 exempla
453 1934 691 2018 complectitur
726 1935 894 1997 sententia
937 1936 1107 1998 communi
1142 1936 1223 1999 hac:
1275 1934 1428 2019 „Nempe

258 2043 354 2126 quod
388 2043 473 2106 haec
509 2042 726 2110 illisnatura
762 2054 812 2104 est
852 2041 1006 2104 omnibus
1031 2049 1127 2105 unas‘
1176 2042 1331 2106 Eandem
1356 2063 1429 2104 ver-

260 2147 381 2212 borum
415 2149 725 2233 sententiarumque
773 2149 1010 2232 repetitionem
1048 2150 1101 2211 vel
1125 2170 1192 2212 uno
1217 2150 1272 2212 vel
1295 2148 1424 2210 duobus

260 2255 535 2341 compluribusve
581 2256 744 2340 deinceps
792 2256 972 2318 enuntiatis
1017 2276 1214 2340 expressam
1244 2256 1424 2319 invenimus

260 2364 292 2427 in
317 2364 439 2426 satirae
464 2363 537 2426 Ην.
557 2366 610 2426 14;
654 2375 768 2442 „rarus
793 2384 903 2426 sermo
920 2401 960 2410 —
980 2385 1103 2449 magna
1127 2363 1265 2428 tacendi
1289 2362 1423 2436 libid03t

258 2470 326 2534 XII
350 2494 404 2533 vv.
419 2471 521 2554 salos
560 2485 734 2554 „tempora
757 2490 922 2554 prospera
935 2469 1097 2533 -fatum
1113 2470 1312 2545 valentius;“
1331 2466 1429 2534 XIV.

260 2602 314 2640 vv.
341 2578 472 2647 til-70
500 2589 671 2654 „stercore
696 2576 799 2640 foeda
836 2614 878 2622 —
913 2577 1054 2661 perlusa
1090 2577 1161 2641 luto
1197 2616 1239 2624 —
1274 2577 1350 2640 labe

259 2685 428 2771 vitioque“
455 2687 541 2748 haec
565 2685 701 2769 quidem
727 2683 832 2747 verba
856 2705 940 2748 sono
966 2705 1092 2747 nonre
1117 2685 1204 2748 inter
1232 2705 1266 2748 se
1302 2684 1429 2746 discre-

259 2813 343 2876 pare
368 2793 442 2878 quis
467 2806 518 2855 est
542 2792 599 2877 qui
624 2792 748 2876 neget?
772 2791 925 2876 Itemque
950 2792 983 2852 in
1007 2793 1131 2855 satirae
1156 2793 1206 2855 VI
1230 2793 1429 2856 vum-24

261 2899 304 2962 de
329 2898 495 2962 adulterio
520 2898 570 2961 his
594 2899 643 2961 sui
668 2898 842 2961 simillimis
868 2897 1008 2963 vocibus
1037 2899 1153 2962 utitur:
1183 2899 1328 2978 „lectum
1352 2920 1432 2964 con-

261 3020 379 3070 cutere
404 3045 445 3051 —
469 3007 605 3091 genium
630 3017 848 3069 contemnere
873 3005 988 3085 fulcri3
1013 3006 1188 3091 antiquum
1216 3021 1252 3071 et¹
1270 2998 1432 3070 ‘vetus-

258 3125 423 3200 argentea
447 3114 622 3176 saecula.“

366 3220 421 3283 Ex
445 3221 510 3282 hac
533 3218 707 3303 Juvenalis
731 3220 976 3284 cousuetudine
995 3242 1069 3304 ,qua
1093 3241 1146 3284 res
1170 3218 1306 3285 uberius
1329 3243 1431 3306 quam

261 3348 346 3412 opus
389 3340 440 3392 est
466 3327 625 3413 explicat,
658 3327 750 3390 haud
774 3327 874 3392 dubie
899 3327 974 3390 illae
999 3328 1225 3414 digressiones
1254 3327 1431 3412 profectae

258 3447 346 3516 sunt,
372 3433 492 3520 quibus
503 3434 675 3518 Juvenalis
692 3434 816 3497 satirae
834 3435 933 3498 valde
949 3433 1133 3498 abundant.
1151 3435 1266 3520 Atque
1286 3435 1431 3519 primum

260 3542 398 3627 quidem
433 3562 491 3604 eos
527 3540 621 3605 locos
650 3541 755 3604 oculis
778 3541 934 3605 subicere
959 3543 1071 3619 statui,
1095 3542 1152 3607 ubi
1176 3554 1279 3627 poeta
1304 3556 1362 3606 aut
1382 3544 1431 3605 in-

260 3649 512 3735 dignationibus
547 3660 605 3712 aut
640 3647 933 3712 adhortationibus
966 3663 1103 3734 praeter
1139 3650 1431 3735 exspectationem
1513 3713 1516 3720 ,

259 3769 295 3821 et
319 3771 457 3842 praeter
481 3757 718 3820 necessitatem
741 3757 873 3820 insertis
897 3757 1029 3843 longius
1060 3757 1184 3821 deferri
1220 3778 1328 3838 neque
1364 3757 1432 3820 dis·-

259 3864 444 3949 putationis
487 3885 624 3927 cursum
658 3875 775 3926 tenere
808 3864 951 3929 videtur.
998 3863 1057 3927 Ad
1081 3863 1147 3927 hoc
1171 3885 1279 3948 genus
1312 3864 1431 3927 adum-

260 3971 425 4035 brandum
451 3970 667 4034 exordiamur
690 3992 709 4032 a
734 3971 857 4034 satirae
881 3971 923 4034 V.
947 3972 1002 4034 v'v.
1032 3972 1214 4040 lor-113.
1254 3971 1330 4034 Hoc
1354 3970 1454 4038 locor

258 4091 364 4163 poeta
399 4079 491 4142 haud
529 4079 575 4141 ita
614 4079 699 4142 scite
738 4076 945 4142 ferculorum
979 4079 1268 4142 enumerationem
1318 4077 1431 4140 verbis
1463 4162 1465 4168 Ι

260 4185 499 4270 indignationis
538 4183 650 4249 subito
693 4186 900 4270 interpositis
939 4185 1109 4270 dirumpit,
1149 4205 1251 4269 quam
1275 4182 1319 4248 ob
1359 4205 1432 4248 rem

260 4290 585 4372 Ribbeckius*)
622 4293 724 4356 hosce
763 4313 879 4356 versus
908 4303 943 4354 ut
974 4294 1106 4377 spurios
1129 4290 1277 4356 seclusit.
1325 4290 1432 4367 Quod
1518 4313 1520 4318 ’

260 4421 328 4486 quo
363 4398 435 4486 jure
472 4401 537 4464 hoc
574 4399 642 4482 fiat,
679 4412 715 4462 ut
756 4399 932 4463 diiudicari
967 4401 1085 4484 possit,
1120 4399 1213 4483 prius
1245 4399 1432 4474 videamus

309 4525 500 4628 nffig
521 4559 571 4612 105
583 4574 639 4624 sm·
