<?xml version="1.0" encoding="UTF-8"?>
<!DOCTYPE html PUBLIC "-//W3C//DTD XHTML 1.0 Transitional//EN"
    "http://www.w3.org/TR/xhtml1/DTD/xhtml1-transitional.dtd">
<html xmlns="http://www.w3.org/1999/xhtml" xml:lang="en" lang="en">
 <head>
  <title>
</title>
<meta http-equiv="Content-Type" content="text/html;charset=utf-8" />
  <meta name='ocr-system' content='tesseract 3.04.00' />
  <meta name='ocr-capabilities' content='ocr_page ocr_carea ocr_par ocr_line ocrx_word'/>
</head>
<body>
  <div class='ocr_page' id='page_1' title='image "./dejuvenalisarte00sydogoog_0030.png"; bbox 0 0 3282 5152; ppageno 0'>
   <div class='ocr_carea' id='block_1_1' title="bbox 653 469 879 540">
    <p class='ocr_par' dir='ltr' id='par_1_1' title="bbox 653 469 879 540">
     <span class='ocr_line' id='line_1_1' title="bbox 653 469 879 540; baseline -0.013 -21"><span class='ocrx_word' id='word_1_1' title='bbox 653 469 879 540; x_wconf 61' lang='grc'>-27,</span> 
     </span>
    </p>
   </div>
   <div class='ocr_carea' id='block_1_2' title="bbox 177 658 1356 950">
    <p class='ocr_par' dir='ltr' id='par_1_2' title="bbox 177 658 1356 950">
     <span class='ocr_line' id='line_1_2' title="bbox 180 658 1351 756; baseline -0.015 -19"><span class='ocrx_word' id='word_1_2' title='bbox 180 658 449 756; x_wconf 63' lang='lat' dir='ltr'>„Quodcunque</span> <span class='ocrx_word' id='word_1_3' title='bbox 473 678 526 733; x_wconf 89' lang='lat' dir='ltr'>est</span> <span class='ocrx_word' id='word_1_4' title='bbox 550 667 673 748; x_wconf 88' lang='lat' dir='ltr'>(minus</span> <span class='ocrx_word' id='word_1_5' title='bbox 709 675 761 728; x_wconf 89' lang='lat' dir='ltr'>est</span> <span class='ocrx_word' id='word_1_6' title='bbox 784 674 898 726; x_wconf 89' lang='lat' dir='ltr'>autem</span> <span class='ocrx_word' id='word_1_7' title='bbox 922 682 1025 747; x_wconf 90' lang='lat' dir='ltr'>quam</span> <span class='ocrx_word' id='word_1_8' title='bbox 1060 658 1204 723; x_wconf 89' lang='lat' dir='ltr'>rhetoris</span> <span class='ocrx_word' id='word_1_9' title='bbox 1239 660 1351 734; x_wconf 79' lang='lat' dir='ltr'>aera)“</span> 
     </span>
     <span class='ocr_line' id='line_1_3' title="bbox 178 764 1356 856; baseline -0.015 -12"><span class='ocrx_word' id='word_1_10' title='bbox 178 792 219 844; x_wconf 91' lang='lat' dir='ltr'>-et</span> <span class='ocrx_word' id='word_1_11' title='bbox 240 780 274 842; x_wconf 92' lang='lat' dir='ltr'>in</span> <span class='ocrx_word' id='word_1_12' title='bbox 297 779 422 841; x_wconf 89' lang='lat' dir='ltr'>satirae</span> <span class='ocrx_word' id='word_1_13' title='bbox 445 775 497 840; x_wconf 92' lang='lat' dir='ltr'>XI</span> <span class='ocrx_word' id='word_1_14' title='bbox 520 796 575 836; x_wconf 92' lang='lat' dir='ltr'>vv.</span> <span class='ocrx_word' id='word_1_15' title='bbox 605 771 664 842; x_wconf 77' lang='lat'>168</span> <span class='ocrx_word' id='word_1_16' title='bbox 683 792 758 856; x_wconf 89' lang='lat' dir='ltr'><strong>sqq.</strong></span> <span class='ocrx_word' id='word_1_17' title='bbox 781 769 945 854; x_wconf 87' lang='lat' dir='ltr'>Idemque</span> <span class='ocrx_word' id='word_1_18' title='bbox 969 767 1048 830; x_wconf 92' lang='lat' dir='ltr'>mihi</span> <span class='ocrx_word' id='word_1_19' title='bbox 1063 764 1281 830; x_wconf 89' lang='lat' dir='ltr'>iudicandum</span> <span class='ocrx_word' id='word_1_20' title='bbox 1305 774 1356 828; x_wconf 90' lang='lat' dir='ltr'>est</span> 
     </span>
     <span class='ocr_line' id='line_1_4' title="bbox 177 869 1356 950; baseline -0.015 0"><span class='ocrx_word' id='word_1_21' title='bbox 177 887 227 950; x_wconf 89' lang='lat' dir='ltr'>-de</span> <span class='ocrx_word' id='word_1_22' title='bbox 285 885 420 949; x_wconf 82' lang='lat' dir='ltr'>satirae‘</span> <span class='ocrx_word' id='word_1_23' title='bbox 462 881 510 946; x_wconf 93' lang='lat' dir='ltr'>VI</span> <span class='ocrx_word' id='word_1_24' title='bbox 559 902 593 942; x_wconf 77' lang='lat' dir='ltr'>v,</span> <span class='ocrx_word' id='word_1_25' title='bbox 644 877 719 942; x_wconf 80' lang='lat' dir='ltr'>tto,</span> <span class='ocrx_word' id='word_1_26' title='bbox 777 875 843 940; x_wconf 92' lang='lat' dir='ltr'>Hic</span> <span class='ocrx_word' id='word_1_27' title='bbox 894 875 989 939; x_wconf 86' lang='lat' dir='ltr'>locus</span> <span class='ocrx_word' id='word_1_28' title='bbox 1029 869 1356 947; x_wconf 83' lang='lat' dir='ltr'>Paldamum*),</span> 
     </span>
    </p>
   </div>
   <div class='ocr_carea' id='block_1_3' title="bbox 24 978 1358 1069">
    <p class='ocr_par' dir='ltr' id='par_1_3' title="bbox 24 978 1358 1069">
     <span class='ocr_line' id='line_1_5' title="bbox 24 978 1358 1069; baseline -0.014 -11"><span class='ocrx_word' id='word_1_29' title='bbox 24 1013 25 1018; x_wconf 73' lang='grc'>’</span> <span class='ocrx_word' id='word_1_30' title='bbox 138 1053 141 1056; x_wconf 88' lang='grc'>.</span> <span class='ocrx_word' id='word_1_31' title='bbox 177 988 539 1067; x_wconf 78' lang='lat' dir='ltr'>.Ribbeckium**)‚</span> <span class='ocrx_word' id='word_1_32' title='bbox 570 981 914 1069; x_wconf 81' lang='lat' dir='ltr'>Madvigium***)</span> <span class='ocrx_word' id='word_1_33' title='bbox 947 978 1239 1048; x_wconf 87' lang='lat' dir='ltr'>vehementissime</span> <span class='ocrx_word' id='word_1_34' title='bbox 1274 998 1358 1040; x_wconf 88' lang='lat' dir='ltr'>vex·</span> 
     </span>
    </p>
   </div>
   <div class='ocr_carea' id='block_1_4' title="bbox 101 1085 1420 4056">
    <p class='ocr_par' dir='ltr' id='par_1_4' title="bbox 101 1085 1420 3096">
     <span class='ocr_line' id='line_1_6' title="bbox 178 1085 1420 1180; baseline -0.014 -18"><span class='ocrx_word' id='word_1_35' title='bbox 178 1099 264 1163; x_wconf 84' lang='lat' dir='ltr'>avit.</span> <span class='ocrx_word' id='word_1_36' title='bbox 313 1094 633 1180; x_wconf 89' lang='lat' dir='ltr'>Circumspiciamus</span> <span class='ocrx_word' id='word_1_37' title='bbox 669 1091 770 1176; x_wconf 89' lang='lat' dir='ltr'>igitur</span> <span class='ocrx_word' id='word_1_38' title='bbox 804 1089 1047 1153; x_wconf 88' lang='lat' dir='ltr'>sententiarum</span> <span class='ocrx_word' id='word_1_39' title='bbox 1084 1101 1250 1161; x_wconf 91' lang='lat' dir='ltr'>tenorem,</span> <span class='ocrx_word' id='word_1_40' title='bbox 1300 1085 1357 1169; x_wconf 94' lang='lat' dir='ltr'>qui</span> <span class='ocrx_word' id='word_1_41' title='bbox 1416 1115 1420 1124; x_wconf 91' lang='lat'>·</span> 
     </span>
     <span class='ocr_line' id='line_1_7' title="bbox 183 1190 1357 1278; baseline -0.014 -9"><span class='ocrx_word' id='word_1_42' title='bbox 183 1216 239 1269; x_wconf 90' lang='lat' dir='ltr'>est</span> <span class='ocrx_word' id='word_1_43' title='bbox 273 1204 307 1267; x_wconf 91' lang='lat' dir='ltr'>in</span> <span class='ocrx_word' id='word_1_44' title='bbox 341 1202 403 1266; x_wconf 90' lang='lat' dir='ltr'>illis</span> <span class='ocrx_word' id='word_1_45' title='bbox 437 1198 603 1266; x_wconf 90' lang='lat' dir='ltr'>versibus.</span> <span class='ocrx_word' id='word_1_46' title='bbox 647 1196 731 1261; x_wconf 88' lang='lat' dir='ltr'>Inde</span> <span class='ocrx_word' id='word_1_47' title='bbox 754 1218 774 1260; x_wconf 93' lang='lat' dir='ltr'>a</span> <span class='ocrx_word' id='word_1_48' title='bbox 798 1218 831 1259; x_wconf 93' lang='lat' dir='ltr'>v.</span> <span class='ocrx_word' id='word_1_49' title='bbox 857 1197 918 1265; x_wconf 89' lang='grc'>457</span> <span class='ocrx_word' id='word_1_50' title='bbox 945 1195 1034 1258; x_wconf 91' lang='lat' dir='ltr'>enim</span> <span class='ocrx_word' id='word_1_51' title='bbox 1064 1204 1168 1278; x_wconf 87' lang='lat' dir='ltr'>poeta</span> <span class='ocrx_word' id='word_1_52' title='bbox 1192 1190 1255 1256; x_wconf 86' lang='lat' dir='ltr'>sibi</span> <span class='ocrx_word' id='word_1_53' title='bbox 1278 1212 1357 1276; x_wconf 89' lang='lat' dir='ltr'>pro-</span> 
     </span>
     <span class='ocr_line' id='line_1_8' title="bbox 183 1298 1358 1396; baseline -0.01 -22"><span class='ocrx_word' id='word_1_54' title='bbox 183 1311 337 1396; x_wconf 88' lang='lat' dir='ltr'>posuisse</span> <span class='ocrx_word' id='word_1_55' title='bbox 370 1308 516 1384; x_wconf 89' lang='lat' dir='ltr'>videtur,</span> <span class='ocrx_word' id='word_1_56' title='bbox 551 1317 588 1368; x_wconf 93' lang='lat' dir='ltr'>ut</span> <span class='ocrx_word' id='word_1_57' title='bbox 624 1315 813 1390; x_wconf 67' lang='lat' dir='ltr'>enarraret,</span> <span class='ocrx_word' id='word_1_58' title='bbox 846 1301 1018 1387; x_wconf 93' lang='lat' dir='ltr'>quomodo</span> <span class='ocrx_word' id='word_1_59' title='bbox 1055 1301 1129 1366; x_wconf 91' lang='lat' dir='ltr'>dies</span> <span class='ocrx_word' id='word_1_60' title='bbox 1162 1321 1182 1363; x_wconf 88' lang='lat' dir='ltr'>a</span> <span class='ocrx_word' id='word_1_61' title='bbox 1219 1298 1358 1364; x_wconf 91' lang='lat' dir='ltr'>muliere</span> 
     </span>
     <span class='ocr_line' id='line_1_9' title="bbox 187 1404 1358 1502; baseline -0.012 -20"><span class='ocrx_word' id='word_1_62' title='bbox 187 1419 290 1482; x_wconf 92' lang='lat' dir='ltr'>divite</span> <span class='ocrx_word' id='word_1_63' title='bbox 324 1417 561 1502; x_wconf 86' lang='lat' dir='ltr'>distinguatur.</span> <span class='ocrx_word' id='word_1_64' title='bbox 608 1411 685 1477; x_wconf 91' lang='lat' dir='ltr'>Hoc</span> <span class='ocrx_word' id='word_1_65' title='bbox 721 1411 810 1475; x_wconf 91' lang='lat' dir='ltr'>enim</span> <span class='ocrx_word' id='word_1_66' title='bbox 833 1422 938 1495; x_wconf 89' lang='lat' dir='ltr'>poeta</span> <span class='ocrx_word' id='word_1_67' title='bbox 974 1409 1076 1472; x_wconf 92' lang='lat' dir='ltr'>dicit:</span> <span class='ocrx_word' id='word_1_68' title='bbox 1116 1404 1358 1486; x_wconf 83' lang='lat' dir='ltr'>„Intolerabilis</span> 
     </span>
     <span class='ocr_line' id='line_1_10' title="bbox 101 1512 1362 1606; baseline -0.011 -16"><span class='ocrx_word' id='word_1_69' title='bbox 101 1563 103 1566; x_wconf 95' lang='lat'>·</span> <span class='ocrx_word' id='word_1_70' title='bbox 182 1537 239 1589; x_wconf 91' lang='lat' dir='ltr'>est</span> <span class='ocrx_word' id='word_1_71' title='bbox 260 1524 355 1588; x_wconf 89' lang='lat' dir='ltr'>dives</span> <span class='ocrx_word' id='word_1_72' title='bbox 377 1522 515 1597; x_wconf 88' lang='lat' dir='ltr'>semina,</span> <span class='ocrx_word' id='word_1_73' title='bbox 539 1519 632 1606; x_wconf 93' lang='lat' dir='ltr'>quod</span> <span class='ocrx_word' id='word_1_74' title='bbox 655 1519 768 1582; x_wconf 88' lang='lat' dir='ltr'>omnia</span> <span class='ocrx_word' id='word_1_75' title='bbox 791 1516 1016 1580; x_wconf 85' lang='lat' dir='ltr'>medicamina</span> <span class='ocrx_word' id='word_1_76' title='bbox 1040 1514 1094 1578; x_wconf 88' lang='lat' dir='ltr'>vel</span> <span class='ocrx_word' id='word_1_77' title='bbox 1119 1515 1220 1578; x_wconf 90' lang='lat' dir='ltr'>etiam</span> <span class='ocrx_word' id='word_1_78' title='bbox 1237 1512 1362 1577; x_wconf 87' lang='lat' dir='ltr'>foedis·</span> 
     </span>
     <span class='ocr_line' id='line_1_11' title="bbox 179 1621 1359 1716; baseline -0.012 -20"><span class='ocrx_word' id='word_1_79' title='bbox 179 1632 267 1696; x_wconf 84' lang='lat' dir='ltr'>sima</span> <span class='ocrx_word' id='word_1_80' title='bbox 291 1641 434 1716; x_wconf 88' lang='lat' dir='ltr'>aspectu</span> <span class='ocrx_word' id='word_1_81' title='bbox 459 1630 494 1707; x_wconf 88' lang='lat' dir='ltr'>(i.</span> <span class='ocrx_word' id='word_1_82' title='bbox 512 1649 541 1691; x_wconf 89' lang='lat' dir='ltr'>e.</span> <span class='ocrx_word' id='word_1_83' title='bbox 566 1639 665 1709; x_wconf 87' lang='lat' dir='ltr'>turpe</span> <span class='ocrx_word' id='word_1_84' title='bbox 690 1647 722 1687; x_wconf 90' lang='lat' dir='ltr'>V.</span> <span class='ocrx_word' id='word_1_85' title='bbox 740 1622 817 1703; x_wconf 84' lang='grc'>457)</span> <span class='ocrx_word' id='word_1_86' title='bbox 842 1623 875 1686; x_wconf 90' lang='lat' dir='ltr'>in</span> <span class='ocrx_word' id='word_1_87' title='bbox 900 1636 979 1686; x_wconf 91' lang='lat' dir='ltr'>cute</span> <span class='ocrx_word' id='word_1_88' title='bbox 1004 1621 1155 1687; x_wconf 89' lang='lat' dir='ltr'>curanda</span> <span class='ocrx_word' id='word_1_89' title='bbox 1180 1632 1214 1686; x_wconf 88' lang='lat' dir='ltr'>et</span> <span class='ocrx_word' id='word_1_90' title='bbox 1247 1621 1359 1684; x_wconf 76' lang='lat' dir='ltr'>forma</span> 
     </span>
     <span class='ocr_line' id='line_1_12' title="bbox 185 1727 1359 1815; baseline -0.012 -12"><span class='ocrx_word' id='word_1_91' title='bbox 185 1737 376 1803; x_wconf 87' lang='lat' dir='ltr'>excolenda</span> <span class='ocrx_word' id='word_1_92' title='bbox 414 1731 578 1799; x_wconf 89' lang='lat' dir='ltr'>adhibere</span> <span class='ocrx_word' id='word_1_93' title='bbox 614 1751 650 1794; x_wconf 90' lang='lat' dir='ltr'>se</span> <span class='ocrx_word' id='word_1_94' title='bbox 686 1750 786 1815; x_wconf 88' lang='lat' dir='ltr'>posse</span> <span class='ocrx_word' id='word_1_95' title='bbox 816 1741 925 1814; x_wconf 90' lang='lat' dir='ltr'>putat.</span> <span class='ocrx_word' id='word_1_96' title='bbox 971 1729 1106 1792; x_wconf 88' lang='lat' dir='ltr'>Interea</span> <span class='ocrx_word' id='word_1_97' title='bbox 1144 1727 1177 1806; x_wconf 83' lang='lat' dir='ltr'>(i.</span> <span class='ocrx_word' id='word_1_98' title='bbox 1194 1748 1224 1791; x_wconf 92' lang='lat' dir='ltr'>e.</span> <span class='ocrx_word' id='word_1_99' title='bbox 1249 1727 1359 1791; x_wconf 91' lang='lat' dir='ltr'>donec</span> 
     </span>
     <span class='ocr_line' id='line_1_13' title="bbox 179 1833 1360 1928; baseline -0.009 -23"><span class='ocrx_word' id='word_1_100' title='bbox 179 1863 339 1928; x_wconf 88' lang='lat' dir='ltr'>gemmas</span> <span class='ocrx_word' id='word_1_101' title='bbox 363 1852 397 1904; x_wconf 91' lang='lat' dir='ltr'>et</span> <span class='ocrx_word' id='word_1_102' title='bbox 422 1840 581 1904; x_wconf 89' lang='lat' dir='ltr'>elenchos</span> <span class='ocrx_word' id='word_1_103' title='bbox 606 1837 694 1902; x_wconf 91' lang='lat' dir='ltr'>collo</span> <span class='ocrx_word' id='word_1_104' title='bbox 719 1835 957 1918; x_wconf 87' lang='lat' dir='ltr'>circumdedit)</span> <span class='ocrx_word' id='word_1_105' title='bbox 977 1835 1053 1899; x_wconf 90' lang='lat' dir='ltr'>talis</span> <span class='ocrx_word' id='word_1_106' title='bbox 1077 1835 1169 1898; x_wconf 90' lang='lat' dir='ltr'>domi</span> <span class='ocrx_word' id='word_1_107' title='bbox 1193 1834 1226 1896; x_wconf 92' lang='lat' dir='ltr'>in</span> <span class='ocrx_word' id='word_1_108' title='bbox 1250 1833 1360 1897; x_wconf 90' lang='lat' dir='ltr'>mariti</span> 
     </span>
     <span class='ocr_line' id='line_1_14' title="bbox 184 1941 1356 2030; baseline -0.009 -18"><span class='ocrx_word' id='word_1_109' title='bbox 184 1958 411 2030; x_wconf 89' lang='lat' dir='ltr'>conspectum</span> <span class='ocrx_word' id='word_1_110' title='bbox 435 1946 538 2021; x_wconf 92' lang='lat' dir='ltr'>venit,</span> <span class='ocrx_word' id='word_1_111' title='bbox 563 1944 625 2008; x_wconf 91' lang='lat' dir='ltr'>sed</span> <span class='ocrx_word' id='word_1_112' title='bbox 648 1943 791 2008; x_wconf 92' lang='lat' dir='ltr'>moecho</span> <span class='ocrx_word' id='word_1_113' title='bbox 816 1963 951 2027; x_wconf 88' lang='lat' dir='ltr'>semper</span> <span class='ocrx_word' id='word_1_114' title='bbox 974 1953 1094 2006; x_wconf 86' lang='lat' dir='ltr'>ornata</span> <span class='ocrx_word' id='word_1_115' title='bbox 1117 1943 1188 2004; x_wconf 90' lang='lat' dir='ltr'>vult</span> <span class='ocrx_word' id='word_1_116' title='bbox 1220 1941 1356 2004; x_wconf 81' lang='lat' dir='ltr'>videri.“</span> 
     </span>
     <span class='ocr_line' id='line_1_15' title="bbox 179 2049 1361 2138; baseline -0.007 -21"><span class='ocrx_word' id='word_1_117' title='bbox 179 2055 276 2118; x_wconf 78' lang='lat' dir='ltr'>‘Tum</span> <span class='ocrx_word' id='word_1_118' title='bbox 301 2065 405 2138; x_wconf 92' lang='lat' dir='ltr'>poeta</span> <span class='ocrx_word' id='word_1_119' title='bbox 429 2051 624 2132; x_wconf 87' lang='lat' dir='ltr'>describere</span> <span class='ocrx_word' id='word_1_120' title='bbox 647 2051 771 2136; x_wconf 85' lang='lat' dir='ltr'>pergit,</span> <span class='ocrx_word' id='word_1_121' title='bbox 796 2049 968 2134; x_wconf 91' lang='lat' dir='ltr'>quomodo</span> <span class='ocrx_word' id='word_1_122' title='bbox 993 2049 1088 2112; x_wconf 90' lang='lat' dir='ltr'>dives</span> <span class='ocrx_word' id='word_1_123' title='bbox 1112 2049 1231 2112; x_wconf 91' lang='lat' dir='ltr'>mulier</span> <span class='ocrx_word' id='word_1_124' title='bbox 1247 2061 1361 2113; x_wconf 81' lang='lat' dir='ltr'>cutem</span> 
     </span>
     <span class='ocr_line' id='line_1_16' title="bbox 180 2156 1361 2242; baseline -0.007 -18"><span class='ocrx_word' id='word_1_125' title='bbox 180 2172 292 2224; x_wconf 89' lang='lat' dir='ltr'>curet.</span> <span class='ocrx_word' id='word_1_126' title='bbox 340 2157 397 2223; x_wconf 88' lang='lat' dir='ltr'>Sic</span> <span class='ocrx_word' id='word_1_127' title='bbox 430 2159 502 2224; x_wconf 90' lang='lat' dir='ltr'>sine</span> <span class='ocrx_word' id='word_1_128' title='bbox 535 2158 603 2221; x_wconf 91' lang='lat' dir='ltr'>ulla</span> <span class='ocrx_word' id='word_1_129' title='bbox 628 2157 821 2221; x_wconf 82' lang='lat' dir='ltr'>offensione</span> <span class='ocrx_word' id='word_1_130' title='bbox 849 2157 957 2219; x_wconf 89' lang='lat' dir='ltr'>oratio</span> <span class='ocrx_word' id='word_1_131' title='bbox 981 2169 1061 2240; x_wconf 90' lang='lat' dir='ltr'>apte</span> <span class='ocrx_word' id='word_1_132' title='bbox 1085 2156 1303 2242; x_wconf 86' lang='lat' dir='ltr'>progreditur</span> <span class='ocrx_word' id='word_1_133' title='bbox 1327 2165 1361 2216; x_wconf 93' lang='lat' dir='ltr'>et</span> 
     </span>
     <span class='ocr_line' id='line_1_17' title="bbox 187 2261 1361 2353; baseline -0.003 -24"><span class='ocrx_word' id='word_1_134' title='bbox 187 2267 375 2353; x_wconf 84' lang='lat' dir='ltr'>rectissime</span> <span class='ocrx_word' id='word_1_135' title='bbox 400 2263 495 2329; x_wconf 93' lang='lat' dir='ltr'>Nae</span> <span class='ocrx_word' id='word_1_136' title='bbox 506 2262 832 2350; x_wconf 62' lang='lat' dir='ltr'>gelsbachius5)</span> <span class='ocrx_word' id='word_1_137' title='bbox 855 2261 1135 2349; x_wconf 76' lang='lat' dir='ltr'>Madvigio§§)</span> <span class='ocrx_word' id='word_1_138' title='bbox 1160 2263 1361 2326; x_wconf 86' lang='lat' dir='ltr'>adversatus</span> 
     </span>
     <span class='ocr_line' id='line_1_18' title="bbox 181 2368 1361 2456; baseline -0.003 -21"><span class='ocrx_word' id='word_1_139' title='bbox 181 2386 250 2448; x_wconf 87' lang='lat' dir='ltr'>est,</span> <span class='ocrx_word' id='word_1_140' title='bbox 274 2373 332 2456; x_wconf 83' lang='lat' dir='ltr'>qui</span> <span class='ocrx_word' id='word_1_141' title='bbox 365 2393 418 2434; x_wconf 92' lang='lat' dir='ltr'>vv.</span> <span class='ocrx_word' id='word_1_142' title='bbox 455 2370 607 2432; x_wconf 72' lang='lat' dir='ltr'>lbl--bss</span> <span class='ocrx_word' id='word_1_143' title='bbox 644 2382 678 2434; x_wconf 93' lang='lat' dir='ltr'>et</span> <span class='ocrx_word' id='word_1_144' title='bbox 716 2370 869 2433; x_wconf 76' lang='lat' dir='ltr'>tol—oo</span> <span class='ocrx_word' id='word_1_145' title='bbox 902 2370 988 2432; x_wconf 92' lang='lat' dir='ltr'>inter</span> <span class='ocrx_word' id='word_1_146' title='bbox 1022 2391 1058 2433; x_wconf 92' lang='lat' dir='ltr'>se</span> <span class='ocrx_word' id='word_1_147' title='bbox 1089 2368 1361 2455; x_wconf 78' lang='lat' dir='ltr'>transponendus</span> 
     </span>
     <span class='ocr_line' id='line_1_19' title="bbox 182 2475 1359 2563; baseline -0.001 -22"><span class='ocrx_word' id='word_1_148' title='bbox 182 2498 265 2541; x_wconf 88' lang='lat' dir='ltr'>esse</span> <span class='ocrx_word' id='word_1_149' title='bbox 297 2476 484 2541; x_wconf 86' lang='lat' dir='ltr'>contendit.</span> <span class='ocrx_word' id='word_1_150' title='bbox 532 2475 668 2540; x_wconf 90' lang='lat' dir='ltr'>Etenim</span> <span class='ocrx_word' id='word_1_151' title='bbox 701 2497 742 2540; x_wconf 90' lang='lat' dir='ltr'>ne</span> <span class='ocrx_word' id='word_1_152' title='bbox 775 2476 822 2540; x_wconf 90' lang='lat' dir='ltr'>ita</span> <span class='ocrx_word' id='word_1_153' title='bbox 850 2476 987 2562; x_wconf 91' lang='lat' dir='ltr'>quidem</span> <span class='ocrx_word' id='word_1_154' title='bbox 1010 2497 1120 2562; x_wconf 90' lang='lat' dir='ltr'>neque</span> <span class='ocrx_word' id='word_1_155' title='bbox 1148 2477 1359 2563; x_wconf 82' lang='lat' dir='ltr'>„quomodo“</span> 
     </span>
     <span class='ocr_line' id='line_1_20' title="bbox 188 2582 1361 2670; baseline 0.001 -24"><span class='ocrx_word' id='word_1_156' title='bbox 188 2596 234 2667; x_wconf 71' lang='lat' dir='ltr'>(v.</span> <span class='ocrx_word' id='word_1_157' title='bbox 265 2586 353 2664; x_wconf 81' lang='grc'>464),</span> <span class='ocrx_word' id='word_1_158' title='bbox 390 2605 500 2670; x_wconf 92' lang='lat' dir='ltr'>neque</span> <span class='ocrx_word' id='word_1_159' title='bbox 538 2584 705 2663; x_wconf 80' lang='lat' dir='ltr'>„interea“</span> <span class='ocrx_word' id='word_1_160' title='bbox 740 2589 783 2664; x_wconf 81' lang='lat' dir='ltr'>(v.</span> <span class='ocrx_word' id='word_1_161' title='bbox 810 2584 886 2664; x_wconf 78' lang='lat'>400)</span> <span class='ocrx_word' id='word_1_162' title='bbox 912 2583 1098 2669; x_wconf 90' lang='lat' dir='ltr'>quidquam</span> <span class='ocrx_word' id='word_1_163' title='bbox 1121 2582 1259 2661; x_wconf 89' lang='lat' dir='ltr'>habent,</span> <span class='ocrx_word' id='word_1_164' title='bbox 1294 2604 1361 2669; x_wconf 89' lang='lat' dir='ltr'>quo</span> 
     </span>
     <span class='ocr_line' id='line_1_21' title="bbox 187 2689 1363 2775; baseline 0.003 -23"><span class='ocrx_word' id='word_1_165' title='bbox 187 2691 309 2754; x_wconf 77' lang='lat' dir='ltr'>referri</span> <span class='ocrx_word' id='word_1_166' title='bbox 342 2691 484 2775; x_wconf 89' lang='lat' dir='ltr'>possint.</span> <span class='ocrx_word' id='word_1_167' title='bbox 533 2689 603 2766; x_wconf 89' lang='lat' dir='ltr'>Qui</span> <span class='ocrx_word' id='word_1_168' title='bbox 636 2690 773 2775; x_wconf 93' lang='lat' dir='ltr'>quidem</span> <span class='ocrx_word' id='word_1_169' title='bbox 812 2710 930 2753; x_wconf 89' lang='lat' dir='ltr'>versus</span> <span class='ocrx_word' id='word_1_170' title='bbox 971 2691 1062 2773; x_wconf 79' lang='grc'>(460)</span> <span class='ocrx_word' id='word_1_171' title='bbox 1106 2691 1277 2775; x_wconf 91' lang='lat' dir='ltr'>quomodo</span> <span class='ocrx_word' id='word_1_172' title='bbox 1317 2691 1363 2755; x_wconf 90' lang='lat' dir='ltr'>ad</span> 
     </span>
     <span class='ocr_line' id='line_1_22' title="bbox 187 2797 1362 2883; baseline 0.002 -23"><span class='ocrx_word' id='word_1_173' title='bbox 187 2797 432 2860; x_wconf 88' lang='lat' dir='ltr'>sententiarum</span> <span class='ocrx_word' id='word_1_174' title='bbox 456 2819 592 2862; x_wconf 91' lang='lat' dir='ltr'>cursum</span> <span class='ocrx_word' id='word_1_175' title='bbox 629 2797 786 2883; x_wconf 86' lang='lat' dir='ltr'>quadret,</span> <span class='ocrx_word' id='word_1_176' title='bbox 818 2798 846 2860; x_wconf 92' lang='lat' dir='ltr'>si</span> <span class='ocrx_word' id='word_1_177' title='bbox 880 2797 955 2882; x_wconf 93' lang='lat' dir='ltr'>quis</span> <span class='ocrx_word' id='word_1_178' title='bbox 992 2798 1239 2881; x_wconf 90' lang='lat' dir='ltr'>perquisiverit,</span> <span class='ocrx_word' id='word_1_179' title='bbox 1285 2821 1362 2862; x_wconf 92' lang='lat' dir='ltr'>eum</span> 
     </span>
     <span class='ocr_line' id='line_1_23' title="bbox 185 2904 1364 2988; baseline 0.003 -22"><span class='ocrx_word' id='word_1_180' title='bbox 185 2904 401 2988; x_wconf 84' lang='lat' dir='ltr'>parenthesis</span> <span class='ocrx_word' id='word_1_181' title='bbox 431 2904 507 2968; x_wconf 92' lang='lat' dir='ltr'>loco</span> <span class='ocrx_word' id='word_1_182' title='bbox 538 2904 675 2968; x_wconf 90' lang='lat' dir='ltr'>abunde</span> <span class='ocrx_word' id='word_1_183' title='bbox 708 2905 871 2968; x_wconf 85' lang='lat' dir='ltr'>insertum</span> <span class='ocrx_word' id='word_1_184' title='bbox 896 2904 1032 2966; x_wconf 91' lang='lat' dir='ltr'>omnino</span> <span class='ocrx_word' id='word_1_185' title='bbox 1056 2905 1136 2968; x_wconf 89' lang='lat' dir='ltr'>nihil</span> <span class='ocrx_word' id='word_1_186' title='bbox 1160 2904 1205 2968; x_wconf 89' lang='lat' dir='ltr'>ad</span> <span class='ocrx_word' id='word_1_187' title='bbox 1228 2918 1364 2969; x_wconf 89' lang='lat' dir='ltr'>senten-</span> 
     </span>
     <span class='ocr_line' id='line_1_24' title="bbox 188 3010 1088 3096; baseline 0 -22"><span class='ocrx_word' id='word_1_188' title='bbox 188 3011 254 3074; x_wconf 90' lang='lat' dir='ltr'>tias</span> <span class='ocrx_word' id='word_1_189' title='bbox 278 3011 381 3074; x_wconf 91' lang='lat' dir='ltr'>totius</span> <span class='ocrx_word' id='word_1_190' title='bbox 405 3011 471 3076; x_wconf 91' lang='lat' dir='ltr'>loci</span> <span class='ocrx_word' id='word_1_191' title='bbox 496 3011 722 3096; x_wconf 89' lang='lat' dir='ltr'>perficiendas</span> <span class='ocrx_word' id='word_1_192' title='bbox 747 3010 906 3075; x_wconf 72' lang='lat' dir='ltr'>conferre</span> <span class='ocrx_word' id='word_1_193' title='bbox 931 3010 1088 3074; x_wconf 90' lang='lat' dir='ltr'>inveniet.</span> 
     </span>
    </p>

    <p class='ocr_par' dir='ltr' id='par_1_5' title="bbox 188 3115 1365 3504">
     <span class='ocr_line' id='line_1_25' title="bbox 298 3115 1363 3204; baseline 0.003 -25"><span class='ocrx_word' id='word_1_194' title='bbox 298 3115 396 3192; x_wconf 89' lang='lat' dir='ltr'>Quos</span> <span class='ocrx_word' id='word_1_195' title='bbox 431 3117 527 3182; x_wconf 92' lang='lat' dir='ltr'>locos</span> <span class='ocrx_word' id='word_1_196' title='bbox 552 3116 608 3181; x_wconf 92' lang='lat' dir='ltr'>ubi</span> <span class='ocrx_word' id='word_1_197' title='bbox 632 3117 920 3202; x_wconf 64' lang='lat' dir='ltr'>perlustravimus</span> <span class='ocrx_word' id='word_1_198' title='bbox 964 3129 1138 3204; x_wconf 87' lang='lat' dir='ltr'>tamquam</span> <span class='ocrx_word' id='word_1_199' title='bbox 1184 3138 1363 3182; x_wconf 88' lang='lat' dir='ltr'>commune</span> 
     </span>
     <span class='ocr_line' id='line_1_26' title="bbox 188 3223 1364 3310; baseline 0.001 -23"><span class='ocrx_word' id='word_1_200' title='bbox 188 3224 339 3287; x_wconf 92' lang='lat' dir='ltr'>omnium</span> <span class='ocrx_word' id='word_1_201' title='bbox 362 3225 429 3287; x_wconf 91' lang='lat' dir='ltr'>hoc</span> <span class='ocrx_word' id='word_1_202' title='bbox 453 3225 571 3288; x_wconf 90' lang='lat' dir='ltr'>animis</span> <span class='ocrx_word' id='word_1_203' title='bbox 595 3225 718 3288; x_wconf 88' lang='lat' dir='ltr'>nostris</span> <span class='ocrx_word' id='word_1_204' title='bbox 742 3245 779 3288; x_wconf 92' lang='lat' dir='ltr'>se</span> <span class='ocrx_word' id='word_1_205' title='bbox 805 3223 917 3300; x_wconf 88' lang='lat' dir='ltr'>offert,</span> <span class='ocrx_word' id='word_1_206' title='bbox 948 3225 1042 3310; x_wconf 92' lang='lat' dir='ltr'>quod</span> <span class='ocrx_word' id='word_1_207' title='bbox 1064 3237 1169 3309; x_wconf 90' lang='lat' dir='ltr'>poeta</span> <span class='ocrx_word' id='word_1_208' title='bbox 1192 3225 1364 3288; x_wconf 90' lang='lat' dir='ltr'>notionem</span> 
     </span>
     <span class='ocr_line' id='line_1_27' title="bbox 189 3329 1365 3415; baseline 0.003 -24"><span class='ocrx_word' id='word_1_209' title='bbox 189 3329 338 3414; x_wconf 89' lang='lat' dir='ltr'>aliquam</span> <span class='ocrx_word' id='word_1_210' title='bbox 376 3331 573 3413; x_wconf 89' lang='lat' dir='ltr'>parenthesi</span> <span class='ocrx_word' id='word_1_211' title='bbox 613 3331 814 3415; x_wconf 88' lang='lat' dir='ltr'>interposita</span> <span class='ocrx_word' id='word_1_212' title='bbox 861 3333 1052 3395; x_wconf 87' lang='lat' dir='ltr'>accuratius</span> <span class='ocrx_word' id='word_1_213' title='bbox 1099 3331 1272 3415; x_wconf 85' lang='lat' dir='ltr'>explicare</span> <span class='ocrx_word' id='word_1_214' title='bbox 1310 3333 1365 3396; x_wconf 90' lang='lat' dir='ltr'>vel</span> 
     </span>
     <span class='ocr_line' id='line_1_28' title="bbox 192 3435 999 3504; baseline 0.007 -9"><span class='ocrx_word' id='word_1_215' title='bbox 192 3436 393 3500; x_wconf 90' lang='lat' dir='ltr'>certioribus</span> <span class='ocrx_word' id='word_1_216' title='bbox 423 3435 546 3501; x_wconf 90' lang='lat' dir='ltr'>finibus</span> <span class='ocrx_word' id='word_1_217' title='bbox 571 3435 850 3502; x_wconf 88' lang='lat' dir='ltr'>circumscribere</span> <span class='ocrx_word' id='word_1_218' title='bbox 875 3438 999 3504; x_wconf 88' lang='lat' dir='ltr'>studet.</span> 
     </span>
    </p>

    <p class='ocr_par' dir='ltr' id='par_1_6' title="bbox 188 3542 1365 4056">
     <span class='ocr_line' id='line_1_29' title="bbox 298 3542 1365 3632; baseline 0.002 -26"><span class='ocrx_word' id='word_1_219' title='bbox 298 3542 498 3630; x_wconf 87' lang='lat' dir='ltr'>Eademque</span> <span class='ocrx_word' id='word_1_220' title='bbox 535 3544 664 3608; x_wconf 89' lang='lat' dir='ltr'>ratione</span> <span class='ocrx_word' id='word_1_221' title='bbox 712 3545 835 3608; x_wconf 91' lang='lat' dir='ltr'>ductus</span> <span class='ocrx_word' id='word_1_222' title='bbox 881 3556 985 3630; x_wconf 88' lang='lat' dir='ltr'>poeta</span> <span class='ocrx_word' id='word_1_223' title='bbox 1024 3545 1097 3608; x_wconf 88' lang='lat' dir='ltr'>illas</span> <span class='ocrx_word' id='word_1_224' title='bbox 1139 3544 1365 3632; x_wconf 87' lang='lat' dir='ltr'>digressiones</span> 
     </span>
     <span class='ocr_line' id='line_1_30' title="bbox 188 3646 1365 3738; baseline 0.004 -29"><span class='ocrx_word' id='word_1_225' title='bbox 188 3646 368 3712; x_wconf 88' lang='lat' dir='ltr'>inseruisse</span> <span class='ocrx_word' id='word_1_226' title='bbox 392 3652 473 3714; x_wconf 88' lang='lat' dir='ltr'>mihi</span> <span class='ocrx_word' id='word_1_227' title='bbox 497 3650 643 3726; x_wconf 88' lang='lat' dir='ltr'>videtur,</span> <span class='ocrx_word' id='word_1_228' title='bbox 667 3672 754 3735; x_wconf 88' lang='lat' dir='ltr'>quae</span> <span class='ocrx_word' id='word_1_229' title='bbox 778 3651 824 3714; x_wconf 93' lang='lat' dir='ltr'>ad</span> <span class='ocrx_word' id='word_1_230' title='bbox 839 3651 1074 3736; x_wconf 89' lang='lat' dir='ltr'>disputationis</span> <span class='ocrx_word' id='word_1_231' title='bbox 1090 3653 1365 3738; x_wconf 90' lang='lat' dir='ltr'>progressionem</span> 
     </span>
     <span class='ocr_line' id='line_1_31' title="bbox 191 3752 1364 3836; baseline 0.006 -21"><span class='ocrx_word' id='word_1_232' title='bbox 191 3752 361 3816; x_wconf 86' lang='lat' dir='ltr'>interdum</span> <span class='ocrx_word' id='word_1_233' title='bbox 395 3778 462 3820; x_wconf 89' lang='lat' dir='ltr'>non</span> <span class='ocrx_word' id='word_1_234' title='bbox 498 3758 600 3822; x_wconf 92' lang='lat' dir='ltr'>modo</span> <span class='ocrx_word' id='word_1_235' title='bbox 634 3757 713 3820; x_wconf 90' lang='lat' dir='ltr'>nihil</span> <span class='ocrx_word' id='word_1_236' title='bbox 750 3759 942 3836; x_wconf 75' lang='lat' dir='ltr'>conferunt,</span> <span class='ocrx_word' id='word_1_237' title='bbox 974 3758 1036 3822; x_wconf 89' lang='lat' dir='ltr'>sed</span> <span class='ocrx_word' id='word_1_238' title='bbox 1070 3758 1270 3822; x_wconf 72' lang='lat' dir='ltr'>foedissime</span> <span class='ocrx_word' id='word_1_239' title='bbox 1294 3759 1364 3822; x_wconf 90' lang='lat' dir='ltr'>eius</span> 
     </span>
     <span class='ocr_line' id='line_1_32' title="bbox 190 3860 1364 3950; baseline 0.003 -26"><span class='ocrx_word' id='word_1_240' title='bbox 190 3860 454 3925; x_wconf 90' lang='lat' dir='ltr'>concinnitatem</span> <span class='ocrx_word' id='word_1_241' title='bbox 515 3877 549 3928; x_wconf 92' lang='lat' dir='ltr'>et</span> <span class='ocrx_word' id='word_1_242' title='bbox 613 3862 889 3948; x_wconf 89' lang='lat' dir='ltr'>aequabilitatem</span> <span class='ocrx_word' id='word_1_243' title='bbox 967 3864 1169 3950; x_wconf 89' lang='lat' dir='ltr'>perturbare</span> <span class='ocrx_word' id='word_1_244' title='bbox 1245 3864 1364 3928; x_wconf 90' lang='lat' dir='ltr'>solent.</span> 
     </span>
     <span class='ocr_line' id='line_1_33' title="bbox 192 3965 1365 4056; baseline 0.005 -27"><span class='ocrx_word' id='word_1_245' title='bbox 192 3965 299 4030; x_wconf 89' lang='lat' dir='ltr'>Cuius</span> <span class='ocrx_word' id='word_1_246' title='bbox 342 3967 482 4053; x_wconf 91' lang='lat' dir='ltr'>quidem</span> <span class='ocrx_word' id='word_1_247' title='bbox 531 3972 667 4056; x_wconf 88' lang='lat' dir='ltr'>generis</span> <span class='ocrx_word' id='word_1_248' title='bbox 721 3973 866 4037; x_wconf 86' lang='lat' dir='ltr'>maxime</span> <span class='ocrx_word' id='word_1_249' title='bbox 905 3971 1122 4036; x_wconf 93' lang='lat' dir='ltr'>memorabile</span> <span class='ocrx_word' id='word_1_250' title='bbox 1172 3972 1365 4056; x_wconf 89' lang='lat' dir='ltr'>exemplum</span> 
     </span>
    </p>
   </div>
   <div class='ocr_carea' id='block_1_5' title="bbox 237 4108 945 4536">
    <p class='ocr_par' dir='ltr' id='par_1_7' title="bbox 247 4108 945 4269">
     <span class='ocr_line' id='line_1_34' title="bbox 256 4108 945 4173; baseline 0.009 -12"><span class='ocrx_word' id='word_1_251' title='bbox 256 4109 282 4173; x_wconf 82' lang='lat'>*)</span> <span class='ocrx_word' id='word_1_252' title='bbox 302 4108 460 4164; x_wconf 68' lang='lat' dir='ltr'>zeitschrift</span> <span class='ocrx_word' id='word_1_253' title='bbox 479 4108 523 4163; x_wconf 80' lang='lat' dir='ltr'>fiir</span> <span class='ocrx_word' id='word_1_254' title='bbox 541 4113 846 4167; x_wconf 82' lang='lat' dir='ltr'>Altertumswisseusch.</span> <span class='ocrx_word' id='word_1_255' title='bbox 868 4114 945 4167; x_wconf 85' lang='lat'>1838.</span> 
     </span>
     <span class='ocr_line' id='line_1_35' title="bbox 247 4196 732 4269; baseline 0.01 -18"><span class='ocrx_word' id='word_1_256' title='bbox 247 4196 288 4266; x_wconf 74' lang='lat'>**)</span> <span class='ocrx_word' id='word_1_257' title='bbox 307 4198 339 4252; x_wconf 90' lang='lat' dir='ltr'>de</span> <span class='ocrx_word' id='word_1_258' title='bbox 357 4200 445 4252; x_wconf 86' lang='lat' dir='ltr'>satira</span> <span class='ocrx_word' id='word_1_259' title='bbox 465 4199 511 4252; x_wconf 91' lang='lat' dir='ltr'>VI.</span> <span class='ocrx_word' id='word_1_260' title='bbox 531 4215 585 4268; x_wconf 82' lang='lat' dir='ltr'>pag</span> <span class='ocrx_word' id='word_1_261' title='bbox 606 4202 655 4255; x_wconf 84' lang='lat'>159</span> <span class='ocrx_word' id='word_1_262' title='bbox 675 4218 732 4269; x_wconf 75' lang='lat' dir='ltr'>sqq.</span> 
     </span>
    </p>

    <p class='ocr_par' dir='ltr' id='par_1_8' title="bbox 237 4283 583 4358">
     <span class='ocr_line' id='line_1_36' title="bbox 237 4283 583 4358; baseline 0.009 -19"><span class='ocrx_word' id='word_1_263' title='bbox 237 4283 292 4353; x_wconf 78' lang='grc'>***)</span> <span class='ocrx_word' id='word_1_264' title='bbox 312 4304 372 4356; x_wconf 86' lang='lat' dir='ltr'>opp.</span> <span class='ocrx_word' id='word_1_265' title='bbox 391 4289 420 4342; x_wconf 93' lang='lat' dir='ltr'>II</span> <span class='ocrx_word' id='word_1_266' title='bbox 438 4305 502 4358; x_wconf 82' lang='lat' dir='ltr'>pag.</span> <span class='ocrx_word' id='word_1_267' title='bbox 522 4290 583 4343; x_wconf 81' lang='lat'>196.</span> 
     </span>
    </p>

    <p class='ocr_par' dir='ltr' id='par_1_9' title="bbox 258 4374 537 4454">
     <span class='ocr_line' id='line_1_37' title="bbox 258 4374 537 4454; baseline 0.022 -27"><span class='ocrx_word' id='word_1_268' title='bbox 258 4374 283 4442; x_wconf 65' lang='grc' dir='ltr'>ξ)</span> <span class='ocrx_word' id='word_1_269' title='bbox 301 4375 386 4431; x_wconf 87' lang='lat' dir='ltr'>Rheu.</span> <span class='ocrx_word' id='word_1_270' title='bbox 407 4379 466 4432; x_wconf 89' lang='lat' dir='ltr'>llus</span> <span class='ocrx_word' id='word_1_271' title='bbox 485 4379 537 4454; x_wconf 85' lang='lat' dir='ltr'>III.</span> 
     </span>
    </p>

    <p class='ocr_par' dir='ltr' id='par_1_10' title="bbox 246 4463 578 4536">
     <span class='ocr_line' id='line_1_38' title="bbox 246 4463 578 4536; baseline 0.021 -6"><span class='ocrx_word' id='word_1_272' title='bbox 246 4463 578 4536; x_wconf 56' lang='lat' dir='ltr'>wmssmffi</span> 
     </span>
    </p>
   </div>
   <div class='ocr_carea' id='block_1_6' title="bbox 0 0 1661 5152">
    <p class='ocr_par' dir='ltr' id='par_1_11' title="bbox 0 0 1661 5152">
     <span class='ocr_line' id='line_1_39' title="bbox 0 0 1661 5152; baseline 0 0"><span class='ocrx_word' id='word_1_273' title='bbox 0 0 1661 5152; x_wconf 95' lang='lat' dir='ltr'> </span> 
     </span>
    </p>
   </div>
  </div>
 </body>
</html>
