3282 5152
729 391 990 478 -so--'

248 606 490 668 sententiarum
526 629 663 672 cursum
688 610 858 694 quadrare
883 612 1025 676 videtur.
1070 613 1204 679 Idcirco
1230 617 1329 680 etiam
1353 619 1423 682 hoc

246 711 324 776 loco
359 726 461 798 poeta
496 737 559 799 per
593 717 770 780 lormulam
806 738 867 780 usu
906 719 1112 784 scholastico
1149 736 1346 786 consuetam
1375 745 1420 789 ac

246 841 357 905 paene
382 822 494 884 tritam
519 823 564 886 ad
588 823 687 886 aliam
712 824 949 908 disputationis
972 838 1105 910 partem
1130 831 1259 892 transit.

353 945 408 1010 Ac
432 947 511 1012 licet
539 947 637 1010 nobis
655 949 755 1012 etiam
772 949 906 1035 longius
923 952 988 1014 hac
1005 952 1037 1014 in
1054 952 1109 1014 via
1121 954 1421 1039 progredientibus

246 1075 304 1117 eos
321 1075 458 1138 quoque
472 1055 567 1118 locos
583 1055 752 1132 conferre,
770 1056 826 1119 ubi
844 1056 1015 1140 Juvenalis
1030 1058 1173 1124 formula
1191 1062 1421 1126 conclusionis

244 1161 397 1224 adhibita
421 1162 597 1224 transitum
623 1161 738 1226 eflicit⁴
785 1161 880 1226 Solet
905 1163 991 1227 enim
1016 1178 1120 1249 poeta
1144 1166 1289 1230 mediam
1326 1169 1417 1233 inter

244 1269 473 1331 narrationem
483 1269 683 1332 sententiam
691 1270 881 1332 universam
895 1270 1194 1358 interponere‚qua
1208 1275 1421 1340 commodius

245 1377 404 1461 graviora
444 1397 486 1438 ex
527 1376 648 1439 eodem
687 1397 815 1461 genere
854 1377 963 1440 affere
1003 1379 1057 1441 vel
1096 1401 1269 1464 opponere
1299 1384 1419 1464 possit.

244 1482 342 1547 Haec
366 1483 503 1567 quidem
528 1484 693 1546 sententia
718 1484 751 1546 in
776 1484 921 1548 confinio
946 1484 1100 1548 binarum
1118 1488 1324 1572 quaestionis
1340 1511 1421 1574 par-

243 1591 325 1654 tium
351 1591 517 1655 collocata
542 1604 575 1654 et
600 1584 775 1675 superiora
801 1593 928 1678 colligit
945 1607 978 1656 et
995 1594 1203 1679 insequentia
1220 1609 1417 1680 praeparat.

243 1698 283 1761 ld
322 1698 551 1782 componendi
587 1719 695 1784 genus
736 1698 911 1762 Vahlenus
951 1700 1031 1782 (ind.
1071 1701 1162 1765 lectt.
1201 1715 1285 1765 aest.
1310 1701 1413 1766 Univ.

241 1804 389 1870 Berolin.
424 1806 519 1884 1884)
561 1805 749 1868 luculenter
781 1806 951 1891 docteque
976 1808 1159 1891 explicavit
1190 1822 1223 1872 et
1251 1811 1416 1894 exemplis

240 1913 394 1976 collectis
430 1913 607 1976 illustravit
643 1935 683 1976 eo
709 1912 858 1988 consili0‚
883 1926 919 1976 ut
943 1915 1066 1978 satirae
1090 1915 1159 1980 Vll
1175 1939 1203 1979 v.
1225 1917 1285 1980 138
1305 1916 1414 1980 multis

241 2017 367 2084 criticis
391 2034 589 2104 suspectum
614 2033 647 2082 et
672 2041 689 2083 e
715 2031 811 2083 textu
835 2031 1000 2083 remotum
1026 2043 1086 2084 suo
1103 2022 1180 2085 loco
1208 2023 1409 2088 restitueret.

242 2127 318 2190 Hoc
343 2128 430 2190 enim
460 2127 536 2190 loco
569 2127 712 2190 eandem
741 2129 942 2192 sententiam
965 2129 1016 2191 his
1029 2128 1140 2192 verbis
1169 2141 1222 2208 „et
1247 2143 1397 2194 tamen--

242 2235 340 2298 utile“
368 2247 403 2297 et
430 2233 618 2313 „Convenit
646 2234 728 2298 illis“
767 2236 946 2318 repetitam
976 2236 1174 2312 invenimus,
1206 2259 1274 2322 quo
1296 2234 1403 2300 melius

238 2342 406 2423 sententia
436 2342 541 2426 priori
573 2343 730 2426 opposita
761 2343 856 2422 (sed
891 2343 1011 2406 finem“
1039 2367 1069 2406 v.
1099 2344 1173 2426 138)
1199 2345 1409 2408 adnectatur.

240 2449 298 2512 Eis
324 2449 497 2532 exemplis,
523 2469 610 2534 quae
636 2448 812 2512 Vahlenus
836 2449 881 2512 ad
905 2451 993 2514 hunc
1009 2451 1122 2515 locum
1139 2451 1412 2515 conservandum

237 2557 362 2632 attulit,
387 2555 487 2620 facile
512 2557 617 2620 multa
641 2556 706 2618 alia
730 2556 810 2619 addi
833 2569 985 2640 possunt.
1022 2558 1059 2621 ln
1084 2559 1207 2623 satirae
1232 2558 1280 2620 VI
1297 2580 1327 2618 v.
1344 2561 1410 2618 224

241 2685 407 2751 summam
431 2684 557 2740 eorum,
583 2685 671 2748 quae
695 2664 773 2726 inde
797 2686 825 2728 a.
850 2687 881 2727 v.
907 2665 969 2734 207
989 2665 1031 2728 de
1049 2665 1196 2728 mulieris
1224 2661 1406 2746 cupiditate

238 2771 429 2854 imperandi
453 2771 615 2846 narravit,
639 2792 706 2834 una
730 2772 794 2836 hac
819 2773 986 2835 sententia
1014 2772 1178 2856 „imperat
1202 2790 1281 2855 ergo
1312 2769 1405 2832 viro“

238 2878 369 2963 colligit
403 2877 494 2941 nulla
530 2878 594 2942 alia
631 2899 734 2942 causa
769 2879 830 2941 nisi
866 2891 903 2941 ut
937 2879 1107 2942 contraria
1137 2879 1193 2942 illa
1226 2877 1306 2958 „sed
1329 2897 1410 2940 mox

239 2988 329 3050 haec
363 3006 470 3070 regna
506 2987 682 3070 relinquit“
718 2986 929 3050 commodius
963 2998 1189 3070 opponantur.
1238 2983 1412 3050 Similiter-

237 3116 304 3178 que
341 3094 451 3156 oratio
487 3093 520 3155 in
556 3093 679 3157 satirae
716 3093 797 3157 Vlll
832 3117 885 3158 vv.
924 3095 964 3165 73
983 3115 1074 3180 sqq.
1100 3093 1317 3159 conformata
1340 3105 1409 3155 est:

242 3200 375 3280 „Rarus
411 3202 500 3264 enim
536 3200 641 3265 ferme
665 3223 783 3266 sensus
808 3203 994 3271 communis
1019 3203 1053 3265 in
1076 3203 1131 3264 illa
1155 3200 1323 3275 Fortuna3
1348 3199 1406 3264 sed

236 3319 271 3371 te
306 3309 436 3372 censeri
471 3308 571 3372 laude
606 3320 740 3372 tuorum
780 3315 849 3372 -.“
899 3309 993 3373 Idem
1035 3309 1194 3373 iudicium
1229 3306 1410 3384 ferendum

235 3426 288 3478 est
327 3415 370 3478 de
406 3415 531 3478 satirae
569 3415 620 3478 IX
658 3438 714 3479 vv.
752 3415 792 3478 45
830 3437 921 3501 sqq.:
959 3414 1105 3498 „Servus
1134 3415 1197 3478 erit
1220 3414 1331 3476 minus
1355 3413 1410 3475 ille

234 3522 349 3598 miser,
374 3523 430 3606 qui
466 3521 614 3586 foderit
632 3544 753 3608 agrum
791 3543 893 3607 quam
918 3522 1103 3586 dominum.
1150 3520 1220 3586 Sed
1255 3532 1292 3583 tu
1327 3539 1409 3582 sane

234 3640 389 3692 tenerum
414 3631 485 3692 —.“
534 3628 747 3693 Ribbeckius
771 3651 825 3692 vv.
851 3629 891 3692 48
917 3641 951 3692 et
976 3631 1016 3694 49
1042 3643 1078 3692 ut
1101 3629 1229 3692 alienos
1253 3649 1273 3690 a
1290 3640 1409 3690 tenore

233 3737 337 3800 totius
360 3736 427 3801 loci
451 3736 622 3806 eiciendos
647 3757 721 3799 esse
746 3746 855 3820 putat.
879 3734 950 3800 Sed
973 3749 1076 3820 poeta
1093 3735 1175 3818 quid
1190 3735 1241 3798 his
1254 3732 1409 3797 versibus

234 3843 390 3920 voluerit,
424 3842 532 3919 facile,
569 3843 626 3927 qui
661 3855 769 3907 totam
802 3844 1046 3906 sententiarum
1069 3843 1191 3905 seriem
1215 3840 1407 3906 accuratius

235 3950 489 4027 examinaverit,
514 3950 698 4035 intelleget.
745 3949 784 4013 ln
807 3950 1008 4018 hancenim
1032 3949 1236 4012 sententiam
1258 3946 1407 4034 loquitur

231 4070 355 4142 poeta:
398 4058 670 4137 „lnlructuosum
709 4078 795 4142 opus
841 4056 970 4121 faciunt
998 4056 1039 4132 ei,
1063 4056 1145 4140 quid
1161 4054 1334 4119 dominum
1374 4064 1408 4116 et

234 4166 405 4230 dominam
429 4166 607 4239 inclinant3
631 4165 693 4230 sed
717 4177 754 4230 tu
777 4165 934 4228 nimirum
953 4165 1076 4228 —hoc
1100 4161 1277 4226 Naevolus
1290 4183 1407 4226 secum

232 4273 306 4358 ipse
331 4271 612 4357 colloquitur-te
651 4272 830 4357 pulchrum
867 4291 940 4334 esse
977 4271 1135 4356 opinaris.
1183 4267 1257 4332 Vos
1292 4281 1408 4332 autem

229 4381 424 4444 humiliores
450 4379 530 4443 estis
554 4401 656 4465 quam
690 4391 727 4442 ut
763 4378 883 4443 cultori
918 4377 1123 4464 indulgeatis
1159 4376 1203 4458 (h.
1230 4398 1259 4440 e.
1284 4376 1322 4452 18,
1348 4375 1406 4461 qui
