3282 5152
658 465 877 529 ..19„.

176 667 270 732 Tum
294 665 482 731 deflectens
517 684 538 725 a
565 662 743 747 proposito
788 672 894 746 poeta
933 680 1066 724 morum
1105 657 1357 742 simplicitatem

176 787 334 840 veterum
366 769 528 836 describit
559 768 728 851 (ss-59),
762 780 795 832 et
818 767 896 830 illuc
920 766 1066 846 redienS,
1090 765 1181 828 unde
1206 763 1356 840 deflexit,

178 881 384 968 pravitatem
421 898 564 953 morum,
601 896 689 961 quae
725 887 797 938 tum
833 873 943 952 fuerit,
979 871 1170 936 adumbrat.
1196 872 1296 954 (-74
1310 875 1356 952 v.)

178 986 317 1052 Deinde
352 985 449 1048 huius
482 984 530 1048 rei
566 1003 688 1047 causas
724 982 874 1046 afferens
909 980 1072 1065 pertacile
1097 1000 1172 1043 esse
1197 978 1356 1061 ostendit,

180 1106 287 1159 testes
322 1104 538 1156 contemnere
573 1110 716 1174 superos
751 1101 785 1154 et
821 1085 991 1164 describit,
1025 1085 1198 1173 quomodo
1221 1087 1358 1170 peiurus

182 1202 321 1288 quidam
356 1221 392 1263 se
426 1211 526 1284 gerat
557 1198 603 1280 (v.
640 1194 795 1280 75-85).
844 1193 911 1258 Alii
935 1195 1023 1258 enim
1047 1194 1131 1258 deos
1155 1214 1229 1257 esse
1253 1214 1358 1279 quum

180 1320 310 1395 negent
332 1308 402 1372 sine
428 1305 495 1370 ulla
510 1305 726 1369 cunctatione
749 1303 915 1388 peierant‚
940 1302 994 1366 alii
1022 1302 1106 1365 deos
1131 1302 1265 1382 quidem
1284 1321 1359 1364 esse

181 1427 313 1501 putant,
349 1427 465 1478 tamen
502 1412 642 1477 avaritia
694 1411 811 1474 aliisve
849 1411 959 1474 'causis
1000 1411 1161 1474 commoti
1204 1409 1359 1494 peierant

184 1527 252 1604 (vv.
284 1523 439 1601 86-89).
487 1521 581 1584 Duas
616 1519 689 1583 illas
725 1518 828 1582 series
873 1515 1118 1581 versiculorum
1160 1516 1289 1586 75-85
1326 1528 1360 1580 et

184 1631 314 1694 86-89
329 1627 631 1706 Ribbeckius*)
655 1625 928 1708 transponendas
951 1645 1027 1688 esse
1050 1624 1249 1701 arbitratur,
1267 1624 1360 1710 quod

182 1737 238 1801 illa
264 1739 297 1800 in
321 1737 527 1808 universum,
556 1734 642 1796 haec
674 1734 812 1818 proprie
843 1733 1034 1797 dictasint.
1082 1732 1233 1795 Primum
1258 1752 1361 1817 quam

178 1856 256 1907 arte
292 1865 346 1905 vv.
386 1841 515 1903 86-89
539 1860 617 1903 cum
639 1841 794 1924 proxime
827 1838 1047 1925 sequentibus
1073 1840 1290 1915 cohaereant,
1316 1859 1360 1902 ex

184 1949 400 2034 oppositione
424 1946 606 2011 verborum
633 1947 828 2032 ,intrepidi“
849 1947 894 2030 (v.
914 1948 968 2028 89)
983 1959 1017 2010 et
1033 1951 1224 2025 ,metuens“
1245 1949 1290 2029 (v.
1305 1947 1360 2027 90)

184 2054 286 2120 facile
311 2057 473 2142 cognosci
509 2067 633 2140 potest.
692 2053 783 2118 Tum
819 2066 922 2138 poeta
958 2054 1168 2140 digressione
1204 2053 1361 2118 absoluta

177 2166 226 2243 tv.
254 2164 316 2243 86)·
333 2163 468 2226 adeam
484 2161 577 2226 unde
603 2183 700 2226 orsus
714 2172 765 2224 est
783 2163 850 2240 [vv.
870 2161 910 2232 75
927 2163 1015 2246 sqq.)
1032 2162 1235 2224 sententiam
1250 2161 1361 2224 redire

183 2270 328 2345 videtur,
354 2291 419 2354 qua
445 2270 594 2332 affirmat
618 2268 717 2332 facile
740 2278 775 2330 et
791 2288 937 2352 pronum
954 2289 1029 2331 esse
1047 2267 1129 2332 deos
1143 2280 1361 2332 contemnere

187 2396 331 2460 eamque
367 2375 479 2438 causis
515 2374 625 2437 allatis
669 2373 897 2458 comprobare
933 2375 1134 2458 conatur**)
1171 2376 1361 2456 tto-119).

186 2481 269 2544 Inde
293 2503 313 2544 a
330 2502 361 2543 v.
383 2482 443 2546 120
461 2481 625 2544 eiusmodi
641 2481 816 2544 transitum
833 2481 950 2558 efficit,
968 2494 1003 2545 ut
1019 2503 1144 2545 novum
1159 2483 1363 2546 solaciorum

183 2609 293 2674 genus
340 2588 457 2651 afferri
504 2599 752 2673 exspectemus.
799 2588 922 2674 Neque
974 2600 1088 2651 tamen
1130 2590 1218 2653 hanc
1266 2610 1363 2675 spem

186 2694 406 2779 sequentibus
431 2694 585 2760 versibus
611 2694 749 2780 explere
774 2695 918 2758 videtur.
954 2694 1046 2758 Nam
1070 2716 1106 2759 re
1131 2717 1212 2759 vera
1236 2697 1281 2760 ad
1305 2718 1363 2760 eas
1439 2721 1441 2728 ·

188 2821 320 2877 causas,
356 2801 476 2886 quibus
512 2802 578 2866 iam
613 2824 665 2868 vv.
702 2802 834 2873 asa-75
871 2803 1016 2866 amicum
1048 2824 1178 2866 summa
1207 2803 1364 2888 deposita

187 2907 383 2971 fraudatum
408 2909 578 2974 consolari
606 2910 794 2986 studuerat,
829 2909 959 2992 recidit,
985 2931 1069 2994 quas
1092 2932 1182 2974 nunc
1206 2909 1363 2975 uberiore

189 3014 343 3077 oratione
357 3015 515 3099 explicat.
532 3015 633 3092 Quae
647 3037 724 3080 cum
737 3017 784 3080 ita
801 3017 876 3092 sint,
889 3037 1094 3106 quamquam
1104 3017 1364 3081 concedendum

188 3134 252 3197 est,
295 3120 447 3184 ordinem
483 3144 597 3187 rerum
635 3145 703 3187 non
742 3123 829 3187 bene
869 3145 888 3186 a
918 3135 1021 3208 poeta
1052 3124 1246 3188 distinctum
1278 3145 1363 3201 esse,

188 3239 304 3291 tamen
339 3229 452 3312 potius
488 3230 649 3294 traditum
685 3231 929 3294 versiculorum
965 3231 1118 3294 ordinem
1159 3231 1364 3295 servandum

180 3354 263 3398 esse
290 3333 502 3400 arbitramur.
513 3336 577 3417 ***)

297 3440 423 3504 Mirum
460 3462 544 3505 vero
568 3464 609 3508 ac
647 3442 820 3529 singulare
855 3445 1049 3530 exemplum
1085 3445 1213 3510 ordinis
1252 3468 1364 3509 rerum

191 3546 291 3610 valde
327 3547 507 3612 disturbati
542 3549 575 3611 in
610 3551 714 3614 satira
748 3550 764 3613 I
800 3562 934 3615 exstare
960 3552 1041 3615 mihi
1064 3552 1209 3616 videtur.
1256 3551 1364 3616 Poeta

193 3651 284 3715 enim
307 3653 384 3718 inde
408 3677 429 3718 a
454 3679 485 3718 v.
513 3655 554 3738 84
578 3656 681 3740 paulo
702 3657 837 3743 longius
853 3670 1013 3744 repetens
1029 3659 1194 3744 quidquid
1213 3659 1365 3723 homines

153 3793 156 3799 ·
191 3759 272 3822 inde
309 3757 352 3822 ab
387 3763 627 3848 antiquissimis
663 3763 873 3848 temporibus
910 3777 1024 3851 agant,
1047 3778 1174 3843 votum,
1199 3767 1365 3842 timorem,

257 3991 282 4060 *)
302 3992 319 4045 l.
339 4007 361 4046 c.
381 4008 443 4059 pag.
464 3995 523 4048 145.

246 4080 286 4145 **)
304 4082 379 4136 Haec
398 4083 420 4135 si
440 4088 512 4136 recte
531 4085 749 4154 interpretamur,
768 4086 867 4139 iniuria
886 4087 1070 4139 Hermannum
1090 4093 1117 4139 et
1136 4085 1264 4138 Jahnium
1278 4086 1365 4152 (edit.)

298 4185 359 4239 post
387 4190 411 4227 v.
432 4173 467 4228 85
486 4173 641 4228 incisionem
660 4177 755 4230 iecisse
774 4176 899 4244 cognosci
918 4181 1016 4242 potest.

229 4259 285 4324 ***)
304 4263 487 4331 Mosengelum
509 4263 537 4326 (l.
558 4280 579 4317 c.
598 4281 660 4333 pag.
681 4267 714 4320 17
726 4269 794 4331 sqq.)
814 4265 919 4318 ratione
937 4265 985 4318 illa
1012 4264 1136 4319 Teuffelii
1155 4264 1276 4319 refutata
1295 4267 1366 4319 hunc

299 4351 384 4404 locum
404 4352 511 4406 etiamsi
530 4353 607 4407 toede
616 4353 798 4407 disturbatum
808 4360 899 4408 tamen
909 4355 1045 4423 integrum
1057 4370 1116 4409 esse
1126 4355 1202 4408 nobis
1212 4355 1366 4423 probavisse

299 4440 377 4495 facile
397 4444 575 4499 concedimus.
