3282 5152
753 435 977 497 ..10-

274 653 331 694 vv.
372 631 429 692 161
468 651 543 716 sqq.
569 642 818 712 enumerantur,
844 630 877 692 in
901 628 1057 693 versibus
1085 628 1342 714 insequentibus
1375 652 1453 716 per-

256 738 411 802 lustrari
447 739 633 802 rectissime
673 737 859 802 contendit.
906 735 976 802 Sed
1008 737 1074 801 hoc
1113 737 1147 800 in
1185 753 1253 800 uno
1289 736 1333 801 ab
1368 738 1453 800 illius

274 846 445 909 sententia
469 844 684 920 discedimus,
709 843 801 929 quod
825 843 898 908 illas
922 865 977 907 res
1001 844 1143 906 vv..lbl
1160 865 1233 928 sqq.
1258 845 1454 929 propositas

277 973 386 1036 uspue
422 951 465 1014 ad
501 974 533 1014 v.
559 952 624 1012 200
658 951 799 1014 tractari
835 950 1048 1016 arbitramur.
1096 949 1187 1014 N'am
1217 951 1259 1014 de
1283 952 1452 1037 gravitate

179 1056 188 1076 ¹
277 1060 295 1121 i.
313 1079 341 1122 e.
368 1080 500 1122 morum
529 1058 733 1136 castitate*)‚
765 1078 852 1142 quae
888 1057 1049 1142 superbia
1079 1057 1187 1120 vitiari
1220 1058 1316 1134 solet,
1349 1071 1454 1142 poeta

276 1166 360 1230 dicit
384 1165 462 1229 inde
495 1187 516 1228 a
547 1188 579 1227 ν.
619 1165 676 1235 177
704 1186 811 1250 usque
837 1165 881 1228 ad
906 1188 938 1228 v.
967 1165 1036 1230 183,
1062 1163 1152 1228 Tum
1177 1164 1220 1227 de
1245 1162 1397 1229 formai.
1423 1188 1453 1230 e.

278 1273 530 1358 pulchritudine
555 1272 633 1336 inde
658 1294 678 1335 a
703 1294 733 1334 v.
765 1273 823 1334 184
849 1293 957 1357 usque
982 1272 1082 1335 adv.
1111 1272 1176 1334 200
1207 1271 1313 1335 verba
1339 1272 1453 1337 facere

276 1381 401 1466 pergit,
441 1380 534 1465 quod
584 1378 722 1464 quidem
760 1391 854 1443 recte
893 1399 913 1440 a
951 1377 1048 1441 nobis
1085 1378 1196 1442 conici
1235 1400 1278 1441 ex
1317 1402 1349 1442 v.
1393 1381 1452 1442 180

275 1487 487 1562 „formosam
511 1487 573 1550 nisi
597 1507 686 1572 quae
713 1493 775 1532 -“
800 1485 934 1550 elucere
960 1485 1104 1548 videtur.

384 1593 455 1656 Sed
479 1594 579 1656 etiam
604 1594 637 1656 in
666 1593 713 1656 eis
746 1594 867 1669 satiris,
892 1614 1036 1678 quarum
1060 1593 1094 1654 in
1118 1593 1259 1657 exordio
1291 1595 1454 1658 eiusmodi

276 1701 528 1784 propositiones
551 1722 619 1764 non
643 1699 857 1775 adhibentur,
882 1712 994 1762 tamen
1020 1712 1113 1763 recta
1137 1699 1192 1762 illa
1216 1722 1319 1785 quarn
1351 1722 1454 1785 supra

278 1806 422 1870 diximus
454 1807 745 1893 interpretatione,
770 1807 850 1892 quid
874 1807 1089 1891 potissimum
1113 1819 1217 1890 poeta
1247 1811 1454 1894 spectaverit

276 1914 443 1997 perfacile
481 1915 644 1998 cognosci
678 1926 803 1998 potest.
854 1913 1015 1978 Occurrit
1040 1915 1324 2000 perlustrantibus
1356 1916 1453 1980 nobis

275 2021 382 2083 satira
396 2021 455 2096 VI,
469 2021 501 2083 in
515 2042 592 2106 qua,
610 2033 646 2083 ut
662 2019 877 2085 Ribbeckius
898 2022 1086 2085 rectissime
1103 2022 1322 2098 demonstrat,
1339 2024 1452 2085 omnia

278 2129 344 2192 hoc
357 2150 460 2191 unum
484 2139 641 2212 spectare
659 2128 826 2205 videntur,
844 2141 881 2192 ut
896 2130 1024 2193 amicus
1041 2129 1085 2193 ab
1099 2129 1232 2192 ineundi
1248 2129 1448 2191 matrimonii

280 2236 418 2298 consilio
466 2235 691 2300 deterreatur.
737 2235 830 2300 Dicit
867 2237 954 2299 enim
982 2236 1163 2321 Juvenalis¹
1183 2234 1448 2318 „Circumspice,

280 2343 326 2403 mi
349 2341 523 2416 Postume,
549 2341 704 2405 mulieres
722 2341 887 2426 plebeias,
900 2344 1073 2427 patricias,
1091 2342 1292 2428 quinetiam
1311 2362 1453 2404 uxorem

277 2445 540 2532 imperatoriam,
577 2470 693 2511 omnes
730 2450 794 2511 hae
832 2449 984 2534 perfidae
1019 2452 1052 2513 in
1077 2451 1215 2513 maritos
1240 2461 1329 2512 sunt.
1375 2446 1454 2511 Sive

281 2556 464 2632 formosae,
504 2555 683 2632 fecundae,
727 2556 796 2619 sive
834 2570 949 2620 castae
988 2570 1076 2635 sunt,
1115 2570 1230 2620 tamen
1270 2555 1455 2618 minoribus

279 2663 413 2746 ineptiis
438 2663 566 2727 invisae
591 2663 719 2726 maritis
743 2663 832 2728 fient.
879 2664 974 2750 Ergo
999 2665 1159 2750 quoniam
1183 2663 1331 2750 puellam
1363 2661 1455 2725 haud

280 2768 382 2832 dubie
417 2792 485 2833 non
520 2785 668 2834 amatam
704 2771 736 2832 in
769 2771 1019 2834 matrimonium
1054 2771 1216 2835 ducturus
1240 2791 1287 2847 es,
1312 2792 1352 2834 ea
1376 2791 1456 2832 mox

280 2875 341 2938 tibi
366 2877 557 2962 imperabit,
582 2872 735 2962 perfidia,
759 2878 857 2954 vitiis,
882 2871 1084 2963 ineptiisque
1109 2889 1142 2941 te
1167 2877 1319 2942 vexabit.
1359 2877 1455 2940 Haec

280 2983 356 3047 iere
392 3006 522 3047 summa
559 2986 766 3071 quaestionis
802 2997 864 3062 est,
900 3007 967 3070 qua
990 2987 1113 3070 prioris
1137 2986 1244 3070 partis
1269 2985 1456 3049 sententiae

281 3092 510 3166 continentum
542 3093 608 3156 huc
641 3093 753 3156 omnia
792 3093 992 3156 narrationis
1031 3092 1183 3156 membra
1220 3093 1372 3156 tendunt.
1419 3091 1456 3152 In

282 3197 389 3261 altera
424 3202 538 3262 autem
571 3209 669 3283 parte
706 3200 797 3283 (inde
833 3221 854 3262 a
890 3222 919 3265 v.
956 3201 1035 3282 286)
1078 3221 1209 3263 summa
1250 3197 1455 3285 quaestionis

279 3305 429 3368 nonnihil
464 3306 626 3370 recedere
662 3307 806 3370 videtur.
854 3307 991 3370 Etenim
1026 3308 1082 3371 hic
1118 3309 1151 3370 in
1186 3309 1377 3371 universum
1412 3303 1455 3365 de

277 3411 440 3475 divitibus
475 3413 638 3477 uxoribus
672 3414 794 3499 agitur.
841 3413 1016 3477 lnterdum
1053 3429 1167 3499 poeta,
1204 3412 1300 3499 quasi
1345 3411 1376 3474 ei
1423 3411 1457 3472 in

280 3531 430 3582 mentem
461 3521 602 3598 venerit,
638 3542 674 3584 re
703 3542 785 3584 vera
819 3521 1029 3584 cumamico
1061 3543 1134 3585 rem
1158 3521 1225 3606 agi.
1250 3539 1286 3581 se
1310 3518 1457 3582 adeum

279 3626 391 3710 ipsum
425 3626 602 3690 convertit.
649 3628 727 3691 Huc
757 3627 884 3692 referas
914 3640 1074 3691 nontam
1102 3628 1183 3691 illud
1226 3638 1284 3703 „tu
1309 3625 1456 3716 calle-as‘

245 3817 247 3820 Ι
278 3731 327 3815 (v
352 3734 443 3814 312),
473 3733 584 3818 quod.
602 3734 740 3820 quidem
771 3735 804 3796 in
838 3735 1030 3797 universum
1059 3734 1187 3798 dictum
1219 3733 1303 3828 mihi⁸
1323 3733 1458 3796 videtur

278 3860 366 3923 esse,
403 3861 506 3925 quam
537 3841 618 3905 illud
663 3841 745 3918 „tibi
783 3841 897 3904 iuncta
932 3840 1123 3906 recumbit“
1160 3840 1206 3924 (v.
1245 3839 1332 3920 448),
1387 3837 1457 3902 Sed

281 3946 482 4030 Juvenalem
506 3960 649 4033 propter
672 3950 760 4013 hanc
786 3949 945 4032 exiguam
985 3949 1212 4031 componendi
1240 3960 1350 4012 artem
1383 3965 1455 4008 esse

281 4055 545 4139 vituperandum
570 4056 648 4119 licet
672 4056 931 4120 concedendum
947 4056 1000 4133 sit,
1027 4055 1196 4120 tamenW
1209 4077 1227 4120 e
1242 4056 1251 4117 i
1264 4054 1317 4117 dn
1331 4074 1375 4116 er
1387 4050 1456 4131 0**)

277 4160 532 4226 adversandum
571 4175 632 4240 est,
672 4164 729 4248 qui
764 4184 843 4227 cum
881 4165 946 4226 hac
985 4185 1028 4226 ex
1068 4184 1105 4226 re
1143 4174 1214 4226 tum
1254 4182 1297 4224 ex
1333 4159 1458 4223 satirae

345 4324 372 4384 ⁴⁴)
393 4323 484 4375 confer
503 4324 664 4376 scholiastae
683 4323 887 4376 adnotationem
907 4322 1030 4376 adhunc
1050 4338 1163 4377 versum.

316 4393 358 4457 **)
377 4393 441 4448 edit.
460 4394 544 4461 praef.
563 4411 588 4461 p.
609 4397 651 4449 12.
