3282 5152
651 467 877 530 -.17..

174 663 408 749 magnitudine
434 661 670 727 coniciendum
694 681 767 725 esse
793 672 919 738 censet,
944 663 1083 725 satiram
1107 661 1158 726 VI
1180 681 1248 724 non
1281 681 1349 724 uno

178 771 270 856 quasi
305 771 380 834 ietu
417 770 543 833 editam
578 789 663 832 esse.
704 767 773 831 Sed
809 789 851 844 ex
888 789 928 831 eo
964 768 1057 851 quod
1092 779 1207 832 nostra
1245 768 1350 831 satira

176 879 280 942 multo
305 878 418 962 plures
435 898 553 940 versus
571 877 722 941 continet
739 897 840 960 quam
858 875 1029 960 quaelibet
1045 875 1120 952 alia,
1134 896 1350 961 nequaquam

176 985 290 1071 colligi
314 996 429 1069 potest
453 1005 526 1047 eam
552 1005 596 1047 ex
614 981 846 1066 compluribus
864 982 1131 1068 conglutinatam
1148 1003 1232 1046 esse.
1258 981 1350 1045 Nam

176 1105 213 1155 ut
238 1092 366 1176 antiqui
389 1089 462 1154 libri
485 1102 668 1155 sexcentos
691 1089 746 1150 vel
770 1090 871 1152 etiam
902 1089 990 1152 mille
1020 1111 1137 1153 versus
1169 1087 1351 1174 complecti

177 1199 296 1275 solent,
335 1199 381 1261 ita
419 1198 523 1261 satira
571 1195 631 1272 Vl,
678 1196 837 1280 quoniam
892 1217 934 1258 ex
979 1194 1131 1259 versibus
1179 1195 1349 1259 sexcentis

171 1308 354 1393 sexaginto
378 1328 445 1370 uno
470 1316 614 1381 constat,
639 1306 718 1368 satis
748 1304 792 1368 ad
823 1304 945 1368 librum
982 1304 1186 1388 explendum
1221 1302 1349 1367 habuit.

284 1430 385 1495 Nunc
423 1443 475 1495 est
513 1409 765 1515 disputandum,
802 1451 870 1514 quo
906 1429 1024 1492 ordine
1060 1429 1191 1515 singula
1226 1429 1350 1493 satirae

176 1539 290 1624 capita
314 1539 524 1602 collocentur
547 1549 581 1600 et
606 1537 778 1621 quomodo
803 1557 839 1600 se
864 1537 1045 1620 excipiant.
1076 1533 1192 1620 Atque
1206 1536 1351 1620 primum

177 1646 314 1730 quidem
346 1646 380 1708 id
413 1646 543 1712 moneri
574 1656 698 1727 potest,
745 1641 944 1727 Juvenalem
969 1643 1118 1728 singulas
1149 1644 1352 1706 narrationis

176 1765 294 1837 partes
320 1753 390 1816 sine
414 1751 483 1814 ullo
509 1750 627 1813 ordine
650 1761 861 1834 pertractare
879 1771 1069 1814 consuesse.
1098 1749 1204 1826 Quod
1216 1750 1351 1835 quidem

177 1859 211 1921 in
235 1858 346 1921 satiris
370 1858 403 1920 V
429 1869 463 1919 et
487 1856 538 1921 Xl
564 1857 816 1920 excusationem
840 1855 967 1919 hahere
993 1855 1120 1919 formae
1152 1856 1351 1940 epistolicae

178 1966 244 2028 iam
260 1986 362 2049 supra
378 1987 398 2028 a
415 1963 513 2028 nobis
530 1964 797 2028 demonstratum
815 1975 876 2030 est.
899 1963 1063 2049 Idemque
1088 1965 1120 2027 in
1143 1965 1246 2027 satira
1266 1963 1361 2028 XVI*

179 2084 361 2134 excusatur
378 2093 430 2148 eo,
445 2071 537 2156 quod
551 2072 646 2156 quasi
660 2071 813 2133 mutilata
835 2068 931 2133 nobis
946 2070 1070 2134 tradita
1081 2084 1141 2134 est.
1171 2070 1276 2134 Cuius
1293 2071 1354 2134 ini-

177 2181 260 2243 tium
276 2181 445 2267 integrum
467 2193 501 2243 et
514 2181 679 2244 intactum
704 2199 778 2241 esse
796 2179 875 2240 mihi
894 2199 972 2241 cum
995 2178 1250 2264 Bergmuellero
1270 2179 1302 2259 (l.
1322 2200 1352 2242 c.

176 2309 254 2372 pag.
269 2287 346 2368 455)
356 2308 556 2370 persuasum
565 2299 617 2349 est
627 2306 689 2349 nec
703 2283 825 2368 Jahnio
835 2283 1088 2370 Weidneroque
1101 2287 1258 2350 lacunam
1275 2298 1353 2371 post

178 2415 210 2454 v.
228 2396 258 2454 2.
277 2392 503 2455 statuentibus
522 2391 827 2476 obtemperandum
845 2412 918 2455 esse
932 2393 1074 2462 videtur⁴
1102 2394 1229 2479 Atque,
1240 2408 1277 2457 ut
1287 2415 1352 2479 ego

180 2499 300 2574 sentio,
324 2521 378 2562 vv.
404 2502 423 2560 2
449 2512 482 2562 et
507 2500 526 2561 3
543 2499 710 2562 artissime
728 2499 813 2562 inter
830 2520 866 2563 se
885 2500 1087 2577 cohaerent,
1104 2501 1206 2564 modo
1223 2512 1353 2565 rectam

178 2604 341 2668 adhibeas
376 2605 704 2689 interpretationem.
757 2605 848 2668 Nam
886 2608 918 2669 in
962 2628 1062 2670 versu
1098 2610 1117 2668 2
1152 2607 1353 2692 particulam

178 2718 300 2788 „nam“
325 2732 365 2775 ac
397 2731 517 2775 versus
546 2712 645 2796 primi
674 2711 837 2788 ,‚felices“
864 2714 1037 2797 respicere
1076 2712 1352 2799 Bergmuellerus

178 2828 272 2878 recte
297 2817 454 2880 ostendit.
478 2816 663 2882 Praeterea
687 2817 767 2880 illud
792 2819 966 2895 „secundo
983 2820 1115 2882 sidere“
1141 2825 1183 2900 (v.
1199 2821 1242 2901 3),
1256 2821 1354 2907 quod

179 2920 402 2985 Weidnerum
442 2925 587 2988 maxime
624 2924 780 3000 offendit,
815 2944 883 2987 non
918 2925 963 2987 ad
987 2925 1183 2989 felicitatem
1217 2927 1353 2990 militiae

179 3028 241 3092 sed
264 3028 309 3092 ad
343 3030 487 3094 tironem
516 3032 550 3093 in
574 3043 684 3094 castra
708 3032 921 3095 introiturum
939 3045 1096 3117 spectare
1113 3035 1191 3096 mihi
1208 3035 1352 3098 videtur.

179 3134 389 3199 Scholiastes
425 3150 530 3214 recte,
560 3149 596 3200 ut
628 3139 759 3222 opinor,
783 3149 893 3225 totum
916 3138 1030 3201 locum
1055 3140 1241 3224 explicavit
1265 3141 1353 3203 hunc

177 3244 212 3306 in
235 3243 392 3317 modum3
432 3243 487 3325 „Si
517 3245 583 3309 sint
610 3244 761 3330 pericula
790 3243 891 3321 nulla,
921 3241 1075 3329 quamvis
1108 3247 1245 3311 timidus
1268 3268 1353 3324 sum,

179 3361 292 3414 tamen
341 3370 382 3413 eo
431 3351 476 3413 ad
521 3352 765 3427 militandum,“
813 3352 952 3436 eiusque
988 3354 1268 3438 interpretatione
1304 3355 1354 3418 usi

172 3457 368 3519 orationem
392 3457 441 3520 sic
467 3458 717 3541 expediendam
733 3478 808 3521 esse
826 3478 1021 3523 censemus:
1048 3459 1158 3536 „Quis
1175 3482 1353 3524 numerare

180 3575 284 3646 queat
326 3565 481 3648 praemia
525 3564 661 3628 militiae
709 3564 837 3628 felicis?
897 3565 1022 3631 Felicis
1057 3568 1205 3652 inquam.
1263 3567 1367 3632 Nam,

180 3689 386 3754 quamquam
410 3671 561 3734 militiam
584 3671 720 3735 felicem
744 3693 818 3737 esse
843 3674 935 3737 haud
958 3674 1088 3760 ignoro,
1113 3686 1237 3749 tamen,
1261 3673 1355 3759 quod

178 3775 325 3862 pavidus
348 3798 431 3856 sum,
457 3778 547 3842 nulla
570 3779 724 3864 pericula
740 3780 914 3843 imminere
931 3780 1040 3844 v010.“
1072 3779 1130 3844 Sic
1154 3792 1245 3844 totus
1258 3780 1354 3845 locus

178 3883 259 3946 nihil
277 3883 475 3948 offensionis
487 3886 592 3950 habet
608 3906 720 3970 neque
734 3907 819 3971 opus
832 3898 884 3951 est
900 3887 991 3950 illam
1002 3886 1183 3952 lectionem
1194 3888 1354 3952 traditam

182 3994 275 4072 „mel
314 3990 348 4053 in
386 3993 467 4070 ,ne“
506 3994 637 4078 mutari,
674 4005 711 4057 ut
745 3993 1020 4080 Bergmuellerus
1052 3996 1230 4079 proposuit
1254 3995 1287 4076 (l.
1324 4016 1353 4059 c.

179 4118 259 4182 pag.
285 4095 371 4179 455).
420 4096 481 4161 His
517 4101 710 4183 praemissis
745 4121 835 4165 nunc
871 4101 917 4163 ad
951 4101 1075 4164 satirae
1100 4100 1354 4186 dispositionem

180 4205 394 4268 tractandam
431 4217 657 4271 transeamus:
694 4207 842 4272 Videtur
877 4208 965 4270 enirn
998 4208 1084 4272 haec
1124 4208 1245 4294 ecloga
1270 4209 1354 4273 duas

180 4309 315 4373 omnino
338 4324 455 4396 partes
480 4312 649 4391 habuisse,
674 4337 818 4401 quarum
841 4314 955 4399 priore
980 4314 1081 4378 etiam
1105 4336 1195 4379 nunc
1219 4297 1354 4380 servata
