3282 5152
771 519 814 526 -
864 483 902 546 14
941 514 993 531 .--

293 677 498 739 sententiam
522 675 664 740 habebis
699 677 806 741 hanc:
861 677 1100 765 Quaecunque
1146 681 1301 747 homines
1349 706 1369 748 a
1401 687 1490 753 deis

293 795 426 868 petunt,
451 805 539 847 vana
564 795 597 847 et
619 785 814 868 perniciosa
838 797 926 849 sunt.
966 785 1015 850 At
1027 788 1166 851 hercule
1191 790 1255 872 (sic
1269 791 1344 855 fere
1366 808 1487 878 poeta

293 891 358 954 sibi
382 892 456 976 ipse
493 891 701 976 obloquitur)
738 893 819 978 quid
843 893 981 958 tandem
1005 917 1025 958 a
1050 895 1122 960 deis
1146 899 1333 980 petendum
1366 913 1421 964 est
1431 901 1485 985 ?*)

295 996 401 1073 Quod
440 1009 554 1061 autem
592 997 768 1062 Vahlenus
806 999 936 1062 hiatum
975 1000 1067 1063 illum
1109 1023 1345 1088 „supervacua
1392 1015 1482 1072 aut“

293 1105 507 1170 tolerabilem
532 1126 605 1168 esse
630 1116 744 1191 negat,
776 1107 857 1171 satis
882 1107 945 1169 erit
968 1108 1129 1171 nonnulla
1153 1110 1273 1174 similia
1297 1133 1338 1175 ex
1361 1116 1486 1180 satiris

294 1213 437 1276 afferre:
469 1212 605 1288 vam
638 1233 717 1292 „sua
744 1219 881 1297 atque“‚
906 1215 968 1276 468
1002 1217 1161 1301 „agnosci
1178 1223 1313 1302 atque‚“
1342 1219 1386 1296 X,
1408 1223 1479 1286 281

297 1320 649 1406 „pompa-animam“‚
673 1319 772 1396 XIV,
798 1321 839 1383 49
863 1332 1053 1405 peccaturo
1078 1322 1222 1386 obstet“.
1341 1339 1344 1344 '

401 1462 629 1548 Similiterque
652 1475 757 1548 poeta
781 1463 906 1527 satirae
929 1462 1018 1528 XIV
1042 1466 1218 1529 exordium
1242 1468 1289 1530 ita
1313 1468 1481 1550 absolvit,

291 1584 330 1634 ut
342 1594 397 1636 vv.
413 1571 453 1641 70
471 1609 490 1615 --
502 1570 541 1640 74
560 1592 724 1634 summam
748 1571 933 1655 superioris
958 1571 1194 1656 disputationis
1212 1576 1481 1660 comprehendit

292 1690 329 1741 et
352 1679 523 1765 legentem
547 1677 641 1740 haud
663 1677 778 1762 inepte
803 1677 847 1740 ad
872 1699 921 1762 ea,
947 1700 1034 1764 quae
1059 1681 1127 1743 iam
1150 1680 1183 1742 in
1201 1681 1358 1746 carminis
1375 1684 1476 1750 initio

294 1786 498 1861 dictasunt,
523 1796 673 1862 revocet.
697 1782 815 1870 Atque
840 1785 874 1849 id
898 1786 993 1870 quod
1016 1787 1140 1849 satirae
1164 1790 1377 1872 propositum
1407 1805 1475 1869 est,

290 1904 397 1977 poeta
421 1893 514 1957 hisce
530 1892 643 1957 verbis
660 1891 803 1955 indicat:
831 1891 1037 1974 „Plurimum
1055 1894 1143 1956 enim
1160 1894 1322 1973 intererit,
1346 1897 1473 1982 quibus

294 1999 424 2063 artibus
454 2012 488 2062 et
520 1999 641 2085 quibus
671 2001 761 2062 hunc
795 2012 832 2062 tu
867 1991 1029 2063 Moribus'
1048 2000 1202 2064 instituas
1227 2013 1316 2083 „lvu
1343 2002 1471 2088 73sil).

290 2105 408 2191 Atque
443 2106 526 2170 illud
558 2106 698 2191 quidem
737 2113 868 2190 ‚,artes“
900 2108 969 2170 ‘hoc
1005 2107 1081 2172 loco
1117 2107 1207 2170 idem
1243 2107 1354 2172 valere
1385 2110 1468 2170 mihi

292 2215 459 2299 persuasi,
476 2213 569 2298 quod
595 2213 770 2300 „vitiorum
788 2213 974 2276 elementa:
993 2215 1043 2277 his
1060 2215 1213 2299 protinus
1230 2213 1302 2276 illos
1318 2213 1466 2277 Imbuit“

291 2325 359 2401 (vv.
389 2310 557 2406 123f124).
611 2319 787 2405 Numquid
818 2319 873 2384 illo
908 2319 1101 2400 „Moribus“
1147 2309 1248 2407 poeta
1284 2320 1374 2384 aliud
1396 2320 1467 2406 sig-

291 2429 420 2492 nificari
455 2427 526 2490 vult
557 2429 619 2490 nisi
653 2426 809 2511 exempla
841 2429 1043 2511 parentium,
1070 2450 1158 2515 quae
1186 2440 1328 2514 „sponte
1353 2439 1469 2490 tamen

289 2536 430 2598 iuvenes
464 2535 653 2598 imitantur“
695 2571 736 2580 —
760 2539 806 2617 (v.
835 2533 934 2614 lon?
959 2535 1056 2599 Haec
1082 2557 1136 2598 res
1168 2536 1202 2598 in
1230 2536 1471 2620 prima'parte

291 2642 469 2727 usquead
506 2665 536 2704 v.
572 2643 643 2718 106,
676 2640 731 2704 illa
765 2662 846 2704 vero
875 2642 908 2703 11
942 2643 1093 2706 secunda
1124 2663 1230 2728 usque
1261 2641 1315 2706 ad.
1347 2664 1376 2706 v.
1401 2643 1466 2703 331

291 2761 470 2812 tractatur.
495 2748 592 2812 Haec
607 2744 742 2812 sirecte
756 2749 972 2832 interpretati
985 2770 1111 2825 sumus,
1129 2749 1227 2813 nobis
1248 2747 1472 2812 statuendum

292 2876 366 2919 esse
392 2856 536 2939 videtur,
577 2856 755 2920 exordium
793 2879 825 2918 v.
862 2857 902 2927 74
931 2843 1116 2932 terminari,
1144 2877 1255 2941 neque
1287 2855 1474 2919 Hertz-

289 2963 514 3049 bergius**)
530 2961 627 3026 nobis
636 2963 815 3046 persuasit,
835 2963 893 3047 qui
906 2963 1084 3036 exordium
1100 2986 1132 3026 v.
1148 2964 1207 3025 loo
1219 2964 1376 3028 concludi
1386 2964 1473 3027 vult.

399 3071 436 3133 ln
461 3071 563 3134 satira
587 3070 634 3132 Ill
658 3069 818 3154 bipartito
848 3070 882 3133 id
910 3071 1002 3154 quod
1020 3083 1125 3154 caput
1141 3071 1244 3134 totius
1259 3071 1474 3156 quaestionis

290 3192 355 3255 est,
371 3179 541 3248 indicatur
551 3176 705 3240 versibus
719 3177 817 3254 5-9,
832 3177 953 3264 quibus
970 3178 1156 3256 „incendia
1168 3177 1285 3262 lapsus
1298 3188 1472 3239 tectorum

290 3286 454 3349 assiduos.
481 3306 522 3348 ac
547 3284 636 3346 mille
671 3285 824 3369 pericula
860 3305 985 3348 saevae
1010 3283 1134 3348 Urbis‘¹
1162 3296 1265 3369 poeta
1290 3294 1473 3346 enumerat

292 3404 326 3456 et
350 3415 405 3454 vv.
431 3393 573 3466 21-24,
599 3390 720 3475 quibus
745 3391 778 3452 in
802 3391 886 3455 urbe
899 3391 1027 3454 nullum
1043 3390 1156 3454 locum
1172 3390 1300 3455 artibus
1316 3389 1471 3452 honestis

288 3520 364 3562 esse
388 3499 608 3563 demonstrat.
655 3497 752 3562 Haec
778 3498 913 3582 quidem
938 3519 992 3561 res
1016 3499 1128 3561 statim
1153 3500 1185 3560 in
1209 3497 1317 3582 prima
1341 3495 1471 3560 satirae

290 3618 388 3692 parte
413 3605 582 3689 copiosius
608 3604 808 3689 explicatur.
850 3605 979 3669 Omnes
996 3626 1078 3670 vero
1103 3605 1178 3668 illae
1195 3623 1260 3679 reS,
1286 3602 1471 3686 dequibus

289 3716 357 3778 iam
382 3737 436 3776 vv.
463 3712 549 3776 5-9
575 3712 672 3797 quasi
695 3713 905 3796 praeteriens
929 3724 1033 3797 poeta
1055 3712 1189 3776 locutus
1213 3721 1275 3786 est,
1301 3710 1334 3772 in
1357 3711 1470 3774 altera

289 3829 390 3907 parte
435 3822 559 3884 satirae
608 3821 686 3885 inde
725 3843 745 3884 a
784 3843 816 3882 v.
864 3820 925 3883 190
968 3819 1163 3883 accuratius
1202 3828 1469 3904 pertractantur.

344 4109 380 4189 Ι*)
401 4124 599 4192 B'ergmuollero
631 4123 659 4191 (l.
693 4139 713 4177 c.
745 4137 807 4190 pag.
839 4123 890 4175 401
924 4121 983 4187 sqq)
1015 4120 1142 4174 assentiri
1182 4136 1233 4173 non
1274 4131 1391 4184 possum,
1422 4115 1470 4180 qui

396 4214 535 4281 Madvigii,
554 4212 728 4280 Lachmanni,
748 4210 946 4265 Friedlaenderi
965 4210 1131 4276 aliorumque
1151 4206 1309 4262 emendandi
1325 4203 1469 4258 conatibus

394 4303 500 4357 reiectis
528 4304 585 4370 ipso
614 4318 678 4356 sane
708 4302 776 4354 mira
806 4308 888 4366 atque
912 4283 1037 4351 contorta
1058 4296 1255 4365 interpretandi
1274 4296 1381 4349 ratione
1400 4309 1467 4347 usus

395 4393 534 4446 contendit
553 4391 621 4444 illud
638 4397 765 4458 „propter
784 4391 872 4455 quae“
891 4389 961 4442 idem
980 4402 1038 4440 esse
1058 4387 1128 4453 quod
1149 4385 1295 4453 „adversus
1315 4385 1411 4452 quae.“

340 4482 383 4547 **)
403 4483 528 4536 translat.
549 4488 600 4534 sat..
619 4481 743 4533 Juvenal.
760 4479 904 4547 stuttgart
925 4477 1002 4531 1867.
