3282 5152
674 491 804 554 -33
855 526 893 538 -

188 687 414 775 positionibus
437 689 527 752 hunc
551 687 664 751 locum
687 708 809 752 sanare
826 698 980 764 conatur,
1004 686 1040 750 id
1056 685 1274 752 obiciendum
1291 705 1367 750 esse

191 808 300 883 putat,
338 794 430 879 quod
463 817 518 858 vv.
555 793 728 859 589-591
768 806 900 880 postu.
926 792 986 857 581
1013 794 1115 879 positi
1138 813 1276 878 prorsus
1299 813 1368 856 non

191 902 236 967 ad
263 916 417 967 tenorem
449 901 692 966 sententiarum
732 901 912 985 quadrant.
970 900 1047 964 Huc
1079 900 1224 976 accedit,
1262 898 1366 984 quod,

190 1022 227 1073 ut
263 1010 341 1073 mihi
377 1008 515 1093 quidem
549 1009 694 1091 videtur,
731 1007 793 1071 illis
825 1006 980 1071 versibus
1012 1028 1073 1070 suo
1108 1006 1185 1071 loco
1228 1007 1366 1070 remotis

190 1115 272 1180 illud
307 1117 415 1193 ,‚hae“
450 1137 480 1180 v.
513 1114 576 1180 592
599 1115 681 1178 nihil
705 1114 820 1191 habet,
845 1136 913 1200 quo
949 1113 1066 1178 referri
1098 1114 1213 1198 possit.
1260 1113 1366 1190 Quod

191 1241 274 1288 vero
299 1223 389 1286 idem
412 1221 682 1287 Schoenaichius
718 1223 821 1290 docet
856 1223 890 1284 in
922 1223 1034 1307 priore
1070 1233 1169 1307 parte
1202 1241 1368 1284 summam

102 1341 106 1348 '
191 1331 257 1393 vim
298 1330 485 1393 sententiae
523 1329 671 1414 positam
710 1349 785 1392 esse
823 1329 858 1391 in
904 1326 1010 1392 verbo
1061 1327 1295 1412 ‚‚medi0cris“,
1333 1328 1368 1390 in
1420 1357 1426 1366 ·

189 1437 390 1523 posteriore
418 1436 554 1521 pondus
577 1437 682 1512 addi,
718 1456 787 1522 quo
822 1437 899 1502 loco
923 1456 1094 1520 pauperes
1117 1435 1264 1499 feminae
1288 1455 1369 1498 con·

191 1545 314 1620 sulam,
339 1544 419 1607 mihi
443 1543 580 1629 quidem
603 1544 670 1607 hoc
705 1543 808 1607 modo
840 1544 1085 1607 sententiarum
1119 1563 1244 1606 nexum
1272 1542 1368 1605 nimis

192 1665 349 1719 contorte
385 1665 419 1716 et
453 1653 612 1717 aculeate
648 1653 822 1738 explicare
857 1653 1002 1717 videtur.
1048 1652 1124 1716 Nec
1159 1651 1267 1736 magis
1290 1649 1369 1712 mihi

192 1762 362 1847 persuasit
397 1759 569 1843 duplicem
603 1760 684 1824 circi
720 1761 924 1824 mentionem
947 1759 1150 1845 gradatione
1174 1778 1237 1842 per
1261 1776 1371 1841 oppo-

185 1868 350 1930 sitionem
380 1865 471 1930 sacta
500 1868 657 1930 excusari
693 1887 805 1951 posse.
853 1865 944 1929 Nam
976 1867 1042 1930 hoc
1073 1866 1150 1930 loco
1179 1876 1284 1949 poeta
1307 1884 1368 1927 suo

195 1995 290 2038 more
314 1974 388 2037 illos
413 1996 467 2036 vv.
486 1972 619 2054 585-87,
639 1973 760 2058 quibus
777 1973 900 2037 divites
916 1973 1126 2058 pauperibus
1140 1983 1370 2055 opponuntur,

194 2093 332 2165 praeter
374 2081 611 2144 necessitatem
655 2081 831 2146 interiecit.
885 2080 975 2143 Tum
1021 2101 1084 2164 per
1130 2079 1372 2142 sententiarum

195 2189 373 2252 circuitum
405 2188 483 2252 inde
514 2209 534 2250 a
558 2212 587 2252 v.
622 2188 684 2251 588
710 2188 799 2251 unde
825 2187 974 2262 deflexit,
999 2188 1121 2251 eodem
1146 2207 1304 2249 reversus
1327 2186 1370 2249 de

193 2296 403 2380 pauperibus
439 2316 542 2380 agere
566 2297 690 2381 pergit.
739 2294 951 2358 Sententiam
985 2295 1083 2357 huius
1115 2295 1181 2358 loci
1214 2294 1240 2356 si
1276 2305 1370 2356 recte

196 2403 445 2485 perspeximus5
481 2402 568 2466 hanc
604 2405 677 2467 lere
715 2423 788 2464 esse
819 2401 1039 2465 arbitramur:
1065 2401 1213 2478 „Mulier
1236 2420 1372 2485 pauper

197 2507 232 2588 (ui.
246 2529 273 2570 e.
292 2508 487 2582 mediocris)
511 2530 616 2593 quum
639 2509 845 2594 astrologiae
862 2508 1017 2592 imperita
1034 2509 1085 2589 sit,
1104 2509 1136 2570 in
1154 2509 1245 2571 circo
1263 2518 1372 2570 sortes

196 2616 323 2680 ducere
347 2616 491 2700 cogitur.
531 2615 654 2702 Neque
679 2637 760 2680 vero
785 2617 944 2681 divitibus
962 2617 1156 2680 mulieribus
1172 2618 1238 2681 hoc
1256 2616 1372 2679 lacere

195 2744 282 2807 opus
306 2730 389 2786 est.“
416 2722 507 2785 Tum
542 2724 655 2808 pergit
690 2735 792 2807 poeta
828 2725 872 2787 ad
907 2725 1092 2787 institutam
1127 2745 1199 2786 rem
1222 2721 1372 2785 rediens:

197 2830 257 2904 „ln
282 2831 385 2904 circo,
409 2830 558 2914 inquam,
582 2829 716 2915 plebeia
741 2830 859 2894 mulier
882 2843 978 2894 vates
1003 2830 1180 2895 consulit.“
1200 2835 1248 2875 ’-

303 2935 439 3020 insigne
465 2957 546 2999 vero
571 2937 765 3021 exemplum
789 2939 948 3002 circuitus
972 2959 1074 3022 quem
1097 2957 1261 3002 vocamus
1298 2956 1375 2999 sen-

198 3044 382 3106 tentiarum
421 3054 533 3105 exstat
568 3043 601 3104 in
637 3045 759 3107 satirae
793 3043 874 3107 Vlll
912 3066 944 3106 v.
981 3045 1034 3114 37.
1079 3045 1131 3109 Ut
1165 3044 1276 3106 multis
1300 3042 1373 3105 aliis

196 3150 280 3215 locis
316 3151 362 3212 ita
398 3151 463 3213 hoc
499 3150 576 3214 loco
612 3163 716 3234 poeta
740 3151 908 3234 particula
944 3159 1072 3237 ‚,ergo“
1106 3151 1257 3230 addita*)
1283 3149 1373 3212 unde

198 3280 294 3322 orsus
345 3269 398 3320 est
435 3257 557 3321 eodem
595 3258 777 3320 revertitur
823 3259 913 3322 hunc
951 3259 984 3320 in
1022 3259 1174 3322 modurn:
1238 3249 1373 3333 „Neino

199 3385 386 3449 generosus
411 3365 575 3427 nominari
598 3376 723 3449 potest,
749 3365 806 3449 qui
828 3385 955 3450 genere
979 3387 1040 3428 suo
1065 3365 1203 3451 indigne
1228 3385 1263 3428 se
1281 3365 1375 3450 gerit

202 3481 235 3532 et
257 3471 437 3554 praeclaro
455 3481 585 3532 tantum
609 3463 744 3534 nomine
768 3471 907 3556 insignis
933 3485 992 3535 est.
1039 3471 1173 3536 Eodem
1196 3472 1267 3534 iure
1284 3493 1373 3534 nano

201 3575 333 3638 cuidam
356 3598 480 3640 nomen
504 3574 663 3652 Atlantis
687 3577 844 3641 scabioso
869 3578 945 3642 cani
980 3599 1103 3642 nomen
1139 3578 1243 3642 leonis
1292 3578 1374 3641 dare

200 3681 356 3746 solemus.
403 3684 498 3770 Ergo
535 3682 568 3746 id
604 3682 664 3746 tibi
700 3684 872 3769 agendum
907 3699 969 3761 est,
1006 3698 1042 3748 ut
1077 3707 1132 3748 res
1158 3697 1216 3748 tuo
1240 3685 1374 3748 nomine

201 3789 323 3875 dignas
336 3791 458 3874 geris.“
484 3790 539 3854 Ne
565 3790 688 3874 longus
703 3791 777 3865 sim,
800 3790 899 3875 plura
923 3791 1081 3876 exempla
1103 3793 1261 3877 prolerre
1284 3791 1374 3869 nolo,

202 3919 279 3962 cum
302 3917 411 3982 genus
435 3897 544 3981 ipsum
568 3899 626 3974 eiS,
651 3919 740 3982 quae
765 3899 871 3974 attuli,
896 3899 977 3962 satis
1002 3899 1222 3962 adumbrasse
1246 3899 1374 3962 videar·

201 4005 361 4091 Apparet
400 4014 514 4066 autem
559 4005 613 4069 hic
654 4026 793 4090 quoque
831 4005 921 4068 idem
960 4006 1133 4090 scriptoris
1183 4027 1267 4082 mos,
1307 4027 1374 4090 quo

201 4113 390 4176 orationem
415 4109 625 4195 digressione
649 4112 876 4197 interruptam
899 4107 955 4174 ita'
969 4114 1128 4196 pertexit,
1152 4124 1189 4176 ut
1219 4134 1282 4197 per
1311 4115 1376 4177 cir-

202 4221 311 4284 cuitus
335 4217 521 4282 formulam
545 4239 586 4281 eo
610 4219 701 4282 unde
726 4218 908 4283 declinavit
933 4219 1062 4283 redeat.
1219 4219 1221 4224 ’

266 4408 291 4474 *)
312 4412 392 4464 Cuius
412 4413 561 4480 particulae
579 4413 890 4482 usumvBergmuellerus
910 4414 938 4479 (l.
950 4417 982 4478 c.)
994 4415 1061 4468 satis
1080 4415 1223 4484 diligenter
1233 4416 1377 4482 explicavit

309 4507 336 4552 et
355 4500 463 4554 uberius
482 4503 640 4556 illustravit.
